2225 3427
1776 305 1829 346 25

321 427 363 470 Si
395 428 449 481 id,
480 428 589 481 quod
610 432 732 471 antea
754 429 1037 472 demonstrare
1068 432 1239 472 conatus
1271 440 1375 481 sum,
1406 428 1630 481 superioris
1659 428 1829 471 Germa-

204 502 298 543 niae
327 501 481 544 fontem
511 503 687 556 aliquem
710 503 863 544 nostris
884 502 1055 544 subesse
1075 502 1241 555 glossis,
1273 506 1384 544 recte
1414 514 1505 544 sese
1535 502 1672 552 habet,
1703 514 1827 554 quae-

204 575 323 628 ritur,
371 587 476 629 quas
506 576 686 617 rationes
726 575 781 617 sit
811 577 978 617 secutus
1014 574 1049 616 is
1078 575 1149 627 qui
1193 587 1265 617 eas
1310 574 1565 628 conscripsit.
1596 568 1689 616 mea
1726 574 1827 617 haec

204 651 269 691 est
299 649 527 691 sententia:
560 647 778 700 descripsit
808 647 1036 689 scribarum
1067 647 1188 690 modo
1225 647 1384 701 glossas
1423 647 1582 700 aliquas
1614 647 1826 689 Baiuvari-

206 733 288 774 caS‚
319 733 473 775 easque
493 733 627 774 voces,
649 734 755 775 quae
775 721 817 762 in
840 733 901 771 ea,
924 732 1006 773 qua
1026 719 1115 773 fuit,
1146 721 1314 774 regione
1334 721 1468 763 minus
1486 720 1666 763 usitatae
1696 723 1826 769 erant,

203 795 472 838 commutavit
501 808 593 838 cum
624 794 791 843 talibus,
836 806 942 848 quae
983 806 1061 837 usu
1099 794 1303 837 cotidiano
1342 793 1472 847 magis
1513 793 1636 836 tritae
1673 796 1822 836 essent.

204 869 484 911 statuentibus
513 869 621 911 enim
660 867 793 919 nobiS,
829 879 978 909 novam
996 916 997 919 Ἰ
1018 867 1237 920 quandam,
1277 867 1425 920 glossis
1462 866 1687 920 superioris
1725 866 1825 909 Ger·

203 941 365 984 maniae
394 953 470 994 pro
500 940 768 983 fundamento
801 940 960 993 positiS,
991 940 1111 992 quasi
1150 940 1427 983 recensionem
1458 939 1690 992 glossarum
1719 939 1824 982 Ver-

206 1013 451 1068 gilianarum
481 1026 573 1057 esse
602 1012 767 1063 factam,
798 1012 951 1057 eisdem
983 1013 1024 1055 in
1056 1025 1145 1056 eam
1176 1013 1424 1056 sententiam
1453 1012 1634 1055 eundum
1664 1015 1739 1065 est,
1772 1025 1823 1056 ne

201 1085 324 1129 huius
344 1086 509 1139 quidem
531 1086 783 1129 recensionis
814 1086 1021 1139 exemplar
1051 1086 1288 1139 principale,
1318 1086 1391 1128 sed
1420 1086 1701 1139 apographum
1732 1098 1824 1128 esse

201 1162 423 1204 servatum.
456 1159 600 1204 omitto
630 1159 772 1215 lapsus
803 1159 949 1212 calami
988 1159 1098 1203 haud
1134 1158 1416 1214 infrequentes
1455 1171 1588 1214 neque
1627 1158 1823 1203 Wacker-

201 1235 353 1287 nagelii
387 1235 513 1288 (apud
542 1235 774 1287 Hauptium
808 1235 856 1275 V.
891 1236 989 1288 320)
1027 1235 1200 1283 ratione,
1240 1247 1346 1288 quae
1383 1233 1483 1275 mihi
1512 1235 1647 1275 minus
1676 1234 1822 1287 proba-

202 1311 281 1359 tur,
312 1311 408 1350 utor
438 1307 735 1359 contendentis,
771 1307 956 1350 diversas
986 1320 1106 1350 voces
1148 1307 1189 1348 in
1229 1319 1356 1349 unum
1394 1318 1543 1360 corpus
1581 1307 1821 1349 coniunctas

200 1380 427 1434 apographi
457 1383 585 1423 testes
625 1391 771 1434 graves
815 1392 927 1434 esse3
965 1379 1043 1423 hoc
1080 1380 1192 1423 dico:
1236 1381 1274 1434 1)
1306 1379 1446 1433 glossa
1482 1378 1653 1422 Gabinis
1694 1379 1820 1422 scimo

202 1457 278 1495 701
314 1454 373 1506 (et
401 1453 510 1496 idem
543 1453 634 1495 aliis
664 1453 782 1505 locis,
813 1466 916 1507 quos
955 1453 1054 1495 mihi
1083 1454 1260 1496 Herzius
1291 1453 1500 1504 indicavit,
1533 1453 1722 1504 occurrit,
1754 1465 1820 1494 ve-

198 1526 262 1569 lut
291 1529 373 1569 899
404 1526 499 1568 uuir
533 1525 632 1580 dith)
663 1526 703 1568 in
742 1525 846 1569 duas
884 1538 1004 1582 voces
1043 1526 1230 1569 seiuncta
1268 1529 1343 1569 est.
1386 1527 1427 1580 2)
1465 1526 1623 1580 aliquot
1659 1526 1821 1581 glossae

199 1603 273 1642 aut
302 1601 364 1642 bis
394 1602 468 1642 aut
497 1612 646 1653 magno
677 1601 729 1642 ab
761 1612 821 1648 eo,
859 1600 912 1642 ad
952 1600 1062 1653 quod
1102 1600 1323 1653 pertinent,
1362 1599 1561 1643 vocabulo
1598 1599 1727 1641 latino
1758 1612 1821 1642 re-

198 1676 335 1717 motae
364 1673 584 1716 intervallo
613 1677 783 1717 notatae
814 1678 922 1717 sunt.
957 1675 997 1728 3)
1032 1674 1163 1717 Servii
1193 1676 1292 1717 nota
1322 1674 1362 1716 in
1384 1674 1523 1717 codice
1554 1677 1697 1716 nostro
1729 1673 1819 1727 (73)

203 1747 341 1789 obvia:
381 1742 440 1789 ‘et
477 1750 627 1801 gerunt
655 1744 829 1801 partum’
872 1760 953 1790 non
983 1748 1207 1801 respondet
1242 1747 1403 1802 glossae
1441 1747 1713 1790 Theodiscae:
1752 1760 1819 1789 uz-

198 1823 415 1873 uuerpent,
447 1833 553 1873 quae
577 1818 778 1874 ‘egerunt'
800 1821 986 1873 requirit,
1017 1821 1056 1862 id
1088 1822 1198 1873 quod
1219 1822 1260 1862 in
1291 1822 1499 1882 plerisque
1528 1820 1819 1872 manuscriptis

199 1892 412 1935 Servianis
435 1895 582 1936 exstat.
614 1894 657 1947 4)
688 1894 893 1949 asscripta
913 1897 976 1937 est
997 1897 1076 1936 797
1099 1905 1176 1936 vox
1207 1894 1435 1936 Theodisca
1464 1891 1819 1947 mkthf.mksgfmp

205 1967 258 2009 ad
280 1967 379 2009 Aen.
402 1967 516 2008 VIII.
543 1970 646 2010 681:
671 1964 800 2009 ‘stans
831 1967 941 2010 celsa
969 1967 1010 2009 in
1030 1968 1170 2021 puppi,
1199 1967 1382 2020 geminas
1404 1967 1470 2009 cui
1492 1970 1678 2020 tempora
1706 1965 1817 2008 flam-

197 2051 285 2082 mas
323 2040 451 2083 Laeta
494 2043 676 2092 vomunt,
725 2040 1039 2094 patriumque
1087 2040 1272 2093 aperitur
1314 2040 1467 2083 vertice
1513 2036 1650 2092 sidus',
1695 2052 1817 2094 quem

198 2114 251 2157 ad
290 2126 454 2156 versum
500 2126 575 2155 nec
611 2113 861 2166 praepositio
903 2110 1002 2155 ‘mit’
1049 2126 1125 2156 nec
1170 2114 1303 2167 ipsum
1342 2114 1587 2156 vocabulum
1617 2109 1817 2154 ‘heimisk’

199 2187 362 2240 (sensus
393 2186 581 2238 postulat
620 2185 736 2228 verbi
776 2198 903 2228 causa
937 2181 1155 2236 ‘faderlih')
1197 2190 1340 2240 aptum
1379 2190 1453 2228 est.
1496 2186 1648 2239 optime
1678 2189 1816 2228 autem

195 2260 334 2314 glossa
372 2257 562 2301 convenit
600 2259 641 2300 in
679 2271 848 2301 versum
893 2262 992 2302 696:
1026 2257 1184 2313 ‘regina
1222 2260 1263 2302 in
1302 2260 1447 2302 mediis
1486 2258 1658 2312 patrio
1697 2261 1817 2301 vocat

196 2332 361 2387 agmina
389 2329 533 2374 sistro'.

310 2406 424 2458 Quae
474 2404 737 2448 difficultates
776 2418 918 2457 omnes
964 2411 1230 2460 evanescunt,
1277 2408 1312 2450 si
1357 2408 1590 2460 statuimus,
1623 2406 1666 2449 id
1704 2406 1815 2459 quod

196 2483 324 2523 antea
356 2480 566 2533 proposui,
613 2479 794 2522 codicem
830 2481 1008 2532 aliquem
1046 2481 1270 2534 superioris
1302 2480 1559 2533 Germaniae,
1590 2481 1737 2534 ipsum,
1769 2484 1816 2521 ut

196 2566 264 2596 res
296 2552 470 2605 ferebat,
502 2551 661 2594 mendis
691 2564 775 2596 non
804 2553 991 2606 liberum,
1023 2553 1275 2608 descriptum
1303 2557 1356 2604 et,
1388 2554 1539 2598 additis
1569 2553 1815 2595 immutatis-

196 2640 276 2682 que
317 2626 505 2681 plurimis
545 2627 726 2676 vocibus,
756 2627 874 2670 novis
903 2628 1072 2681 insuper
1110 2629 1267 2671 mendis
1298 2628 1488 2671 affectum
1520 2639 1622 2671 esse.
1655 2626 1815 2669 accedit

195 2701 320 2744 aliud.
354 2699 503 2754 Georg.
537 2700 611 2742 III.
644 2703 697 2743 86
729 2701 769 2743 in
801 2704 918 2744 textu
949 2701 1184 2756 Vergiliano
1222 2706 1297 2755 est,
1338 2706 1386 2745 ut
1423 2716 1488 2746 me
1527 2702 1703 2745 Herzius
1744 2699 1814 2741 do-

196 2774 301 2817 cuit:
334 2771 477 2817 ‘densa
515 2772 652 2827 coma,
691 2775 734 2818 in
773 2776 957 2831 margine
996 2788 1093 2820 vero
1130 2777 1379 2830 asscriptum
1417 2777 1555 2832 (254):
1594 2778 1692 2821 iuba
1728 2791 1813 2821 ma-

197 2860 347 2891 nauua.
387 2849 440 2891 ad
475 2861 600 2903 quam
645 2862 733 2892 rem
763 2850 1043 2906 explicandam
1088 2851 1188 2893 nihil
1228 2852 1364 2894 valere
1403 2852 1568 2894 videtur
1605 2851 1684 2894 nisi
1714 2851 1810 2894 hoc:

202 2934 285 2964 non
327 2921 488 2976 integer
523 2921 671 2977 aliquis
701 2924 828 2968 codex
859 2923 1121 2979 Vergilianus
1152 2937 1244 2969 cum
1275 2925 1439 2969 scholiis
1476 2926 1710 2981 glossisque
1748 2930 1812 2970 est
