2225 3385
263 262 317 301 50

261 381 451 415 ursloufun.
474 385 590 414 nostra
604 382 712 414 forma
736 381 869 425 integra
895 390 969 413 esse
994 391 1067 414 non
1092 379 1240 412 videtur.
1266 378 1410 411 fortasse
1434 389 1454 410 0
1478 377 1603 411 excidit
1627 381 1704 421 post
1726 376 1739 409 l
1763 377 1836 410 sive
1859 386 1895 414 u.

261 439 292 471 si
316 448 391 471 eam
417 439 570 476 formam
594 438 791 472 adhibitam
823 449 898 472 esse
921 443 1043 482 putas,
1080 447 1169 481 quae
1205 441 1258 470 est
1282 435 1375 479 apud
1398 435 1575 469 Jeroscbin
1612 435 1721 477 (slssf).
1815 433 1896 475 295)

261 494 355 528 Mhd.
382 495 446 530 wb.
472 496 498 528 1.
522 496 589 532 893
600 502 627 529 ⁸.
720 495 802 538 297)
826 493 1019 528 marsitbila
1043 504 1111 527 non
1136 493 1240 526 novi:
1273 492 1440 536 posterior
1462 503 1540 536 pars
1563 494 1676 527 neseio
1702 503 1745 526 an
1770 491 1894 528 cobae-

260 556 335 583 reat
358 561 436 584 cum
460 553 576 585 sittir-.
678 552 760 594 298)
784 551 869 585 Vffl.
895 551 976 584 heil.
1931 576 1937 582 .

352 606 434 649 300)
458 607 545 641 VGl.
570 607 763 642 chelasubt.
846 608 928 650 301)
953 608 1009 641 cfr.
1035 619 1067 651 p.
1095 606 1152 642 13.Ι
1232 606 1322 649 302)
1347 617 1551 650 quamquam
1569 606 1692 639 multae
1716 609 1898 638 occurrunt

262 673 375 702 voces,
392 674 481 706 quae
497 664 671 706 singultus
692 674 830 696 sensum
849 664 1055 706 exprimant,
1069 668 1184 695 tamen
1202 663 1300 695 nulla
1314 664 1397 695 satis
1411 673 1514 706 prope
1530 663 1572 695 ad
1588 663 1760 695 literarum
1778 662 1897 694 ductus

262 725 455 753 nostrarum
479 719 643 753 accedere
671 720 821 761 videtur,
856 725 894 752 ut
917 719 981 752 hoc
1004 719 1081 752 loco
1112 718 1300 762 probabilis
1332 719 1500 752 nominari
1532 721 1650 764 possit.
1674 725 1769 753 taceo
1782 718 1895 763 igitur,

263 775 292 807 si
309 776 391 818 quid
405 777 549 809 conieci.
574 777 662 809 VGl.
680 777 932 820 snophezungo.
1026 775 1108 817 304)
1130 775 1267 818 gLJun.
1284 774 1379 817 H-p.
1394 777 1478 810 406:
1504 776 1642 819 pustula
1666 782 1826 818 angseta3
1850 775 1897 818 gl.

263 830 442 874 anglosax.
467 831 557 875 apud
583 832 688 865 Mene
714 831 872 876 anzeiger
897 831 973 864 vn.
1001 830 1123 874 (1838)
1151 842 1183 874 p.
1212 831 1286 871 147,
1313 831 1394 866 626:
1420 831 1558 874 pustula
1581 836 1756 875 angsetae3
1781 831 1896 864 eodem

262 886 336 920 loco
360 888 406 931 gl.
432 888 592 931 Amplon.
618 888 758 930 (Jahn's
785 887 981 929 archivpfi'ir
1011 887 1201 930 philologia
1219 887 1314 919 XIII.
1340 898 1373 930 p.
1391 887 1567 930 361,178)
1588 888 1760 931 praebent,
1777 888 1898 920 mendo

262 941 376 976 illato:
413 944 551 988 pustula
585 950 735 988 angreta.
772 944 865 987 prior
888 953 967 987 pars
993 947 1043 976 est
1065 942 1152 976 illud
1176 953 1275 987 ango,
1300 943 1337 976 in
1361 940 1453 987 quod
1480 943 1663 977 incidimus
1694 945 1769 980 100.
1809 943 1901 978 VGl.

262 1002 457 1042 angvezzin.
551 1001 632 1043 307)
661 1001 744 1034 vel.
770 1000 980 1043 pinivuevrg.
1075 1000 1157 1041 308)
1196 1000 1286 1034 VGl.
1319 1010 1442 1042 angvn.
1535 1000 1616 1042 310)
1648 1000 1734 1033 VGl.
1765 999 1900 1043 spilder.

262 1055 345 1098 315)
370 1055 462 1090 VGl.
496 1061 627 1090 trenun.
723 1056 804 1099 317)
829 1055 916 1089 VGl.
952 1054 1100 1087 diozent.
1195 1054 1277 1097 319)
1303 1055 1392 1088 VGl.
1427 1054 1610 1099 gvvinnan.
1703 1054 1784 1097 320)
1813 1054 1902 1088 VGl.

263 1111 341 1144 olm.
447 1113 529 1153 321)
565 1113 652 1146 VGl.
686 1113 917 1145 fledarmusin.
1029 1110 1111 1152 322)
1147 1111 1235 1144 VGl.
1273 1110 1416 1143 hornuz.
1524 1111 1608 1151 324)
1643 1110 1730 1143 VGl.
1767 1111 1901 1154 spinna.

263 1167 346 1209 325)
369 1168 393 1202 1.
419 1169 550 1211 uuippi.
643 1168 726 1210 326)
751 1167 810 1202 cfr.
835 1179 868 1211 p.
894 1168 949 1202 26.
975 1167 1138 1199 adnotata
1163 1171 1214 1200 est
1238 1166 1354 1209 glossa
1378 1167 1422 1199 ad
1446 1178 1475 1199 v.
1501 1167 1595 1201 249:
1625 1168 1752 1199 sarcire
1776 1169 1902 1207 ruinas,

263 1224 344 1257 item
374 1224 441 1259 327
476 1224 519 1257 ad
554 1236 584 1259 v,
611 1225 694 1260 296:
730 1224 880 1258 imbrice.
982 1223 1064 1265 327)
1094 1223 1152 1257 cfr.
1178 1222 1272 1255 Mhd.
1309 1223 1372 1257 wb.
1406 1223 1465 1255 111.
1491 1223 1557 1258 665
1586 1229 1612 1255 ⁸.
1707 1223 1789 1266 330)
1812 1223 1845 1258 b.
1871 1234 1906 1258 e:

263 1279 384 1323 gedrip
409 1290 456 1313 se·
549 1280 631 1322 338)
655 1280 677 1313 l.
702 1280 926 1325 zergebenen,
960 1279 1019 1312 cfr.
1052 1278 1139 1314 821:
1177 1289 1285 1322 cerga
1302 1278 1369 1312 bun
1397 1279 1482 1313 sich.
1533 1278 1625 1312 Mhd.
1659 1279 1723 1313 wb.
1749 1279 1775 1311 Ι.
1800 1279 1895 1315 506b

262 1335 322 1368 nbi
345 1335 434 1367 adde
458 1335 562 1369 Gudr.
589 1337 643 1377 21,
668 1338 711 1372 4:
736 1336 798 1369 diu
822 1336 979 1380 zergaebe
1003 1345 1067 1379 gar
1091 1335 1122 1366 ir
1149 1334 1244 1367 hant.
1340 1335 1422 1378 343)
1445 1335 1534 1379 apud
1567 1334 1728 1368 Graffium
1752 1335 1811 1369 VI.
1834 1336 1900 1371 749

263 1392 386 1435 gistriti
410 1393 623 1426 inferendum
648 1398 698 1426 est
723 1405 764 1427 ex
788 1394 896 1427 forma
917 1393 1067 1437 gistritiu
1092 1395 1141 1426 ibi
1166 1395 1277 1427 allata.
1371 1393 1455 1435 344)
1485 1393 1631 1435 selpuua
1645 1403 1711 1425 non
1728 1392 1898 1434 intelligo:

263 1449 357 1490 puto,
395 1458 515 1481 vocem
540 1448 632 1481 sicut
657 1454 777 1491 postea
801 1449 881 1488 391,
905 1449 973 1484 392
998 1460 1065 1481 non
1090 1449 1135 1481 nd
1158 1449 1261 1482 finem
1286 1460 1360 1482 esse
1384 1449 1585 1492 perductam
1609 1453 1780 1491 totamque
1803 1447 1898 1490 glos-

263 1514 338 1536 sam
362 1503 427 1536 hoc
448 1503 549 1537 modo
573 1504 808 1538 scribendam:
834 1504 1177 1548 selpuuaossenemo),
1202 1506 1382 1549 se(l)uemo
1407 1506 1528 1539 steine.
1553 1505 1628 1548 selp
1654 1506 1744 1538 enim
1775 1504 1809 1537 id
1841 1515 1898 1537 ex-

263 1560 389 1603 primit,
415 1561 504 1604 quod
528 1561 600 1594 sine
626 1561 699 1594 ulla
730 1567 803 1595 arte
838 1561 961 1594 factum
988 1567 1055 1594 est:
1087 1564 1146 1596 cfr.
1171 1563 1309 1596 selbseil
1339 1564 1440 1606 grave
1465 1562 1617 1595 Ruodolf
1637 1574 1669 1606 p.
1695 1562 1751 1601 23,
1776 1561 1829 1593 vel
1853 1560 1898 1600 id,

264 1617 355 1661 quod
380 1617 421 1650 de
445 1628 482 1650 se
506 1618 620 1661 ipsum
644 1623 765 1650 natum
791 1623 861 1651 est:
888 1619 939 1651 sic
955 1618 1089 1661 glossae
1109 1621 1145 1653 in
1168 1619 1345 1653 Sedulium
1364 1620 1454 1663 apud
1471 1619 1660 1662 Hauptium
1676 1619 1715 1651 V.
1741 1619 1897 1654 209—11

263 1678 419 1708 vertunt:
444 1685 512 1707 non
536 1680 618 1708 nato
643 1674 838 1717 (musto)—
851 1675 969 1718 agitur
986 1674 1028 1707 de
1044 1686 1133 1718 aqua
1149 1677 1185 1709 in
1210 1675 1339 1719 nuptiis
1358 1675 1501 1709 Canaeis
1524 1676 1559 1707 in
1575 1676 1691 1707 vinum
1708 1679 1840 1707 mutata
1856 1692 1898 1698 —

264 1729 534 1764 selbunasneme.
627 1731 709 1773 346)
735 1730 882 1764 Graffius
906 1730 947 1763 V.
973 1731 1040 1767 688
1062 1731 1152 1763 nihil
1183 1737 1315 1775 praeter
1351 1730 1507 1764 cinsel6d
1543 1730 1657 1763 habet.
1761 1730 1842 1772 347)
1874 1729 1897 1763 1.

263 1791 393 1827 zuntra,
418 1791 457 1819 ut
480 1791 532 1819 est
548 1786 691 1820 fortasse
715 1786 749 1818 in
775 1786 848 1830 ipso
873 1797 936 1819 ms.
1031 1786 1113 1828 349)
1139 1787 1196 1821 cfr.
1225 1798 1261 1829 p.
1291 1787 1342 1821 10.
1436 1785 1518 1828 352)
1543 1785 1629 1818 VGl.
1651 1796 1765 1818 casum
1790 1785 1898 1817 missi-

263 1842 352 1884 puri.
445 1841 528 1883 353)
551 1853 628 1875 cum
653 1842 825 1886 Vergilius
850 1843 1030 1876 Patavium
1054 1842 1088 1875 in
1107 1843 1254 1876 Venetia
1272 1843 1375 1875 situm
1394 1842 1580 1882 denotaret,
1597 1841 1766 1886 glossator
1781 1841 1898 1875 urbem

264 1898 502 1940 cognominem
528 1898 572 1930 ad
595 1897 790 1931 Danubium
814 1899 915 1932 sitam
940 1900 1039 1941 tangi
1064 1901 1210 1943 putavit.
1306 1899 1388 1940 355)
1424 1899 1447 1933 1.
1473 1898 1579 1940 fehes,
1611 1903 1650 1931 ut
1681 1899 1754 1942 ipse
1790 1897 1898 1931 codex

263 1953 414 1986 indicare
438 1954 583 1988 videtur.
679 1954 762 1997 360)
783 1954 837 1988 Gl.
852 1954 920 1989 Sel.
936 1956 968 1992 6.
984 1956 1103 1991 140—
1120 1956 1266 2000 pertinet
1289 1956 1332 1989 ad
1357 1956 1478 2000 Georg.
1508 1956 1567 1988 1v.
1593 1956 1660 1991 557
1675 1974 1718 1980 —
1732 1955 1899 1988 confluere

264 2011 427 2043 cisamine
451 2010 642 2051 suerimen;
667 2011 849 2045 Konradus
875 2012 917 2044 de
940 2011 1152 2056 Megenberg
1175 2013 1254 2051 290,
1279 2013 1339 2047 21:
1367 2012 1439 2044 als&
1465 2012 1526 2044 daz
1551 2013 1579 2043 si
1605 2015 1771 2044 switrmen
1799 2012 1899 2053 (fetus

265 2067 431 2110 emittere)
467 2067 617 2102 wellent.
653 2073 836 2112 utrumque
865 2068 951 2103 sicut
975 2075 1127 2103 nostrum
1154 2068 1195 2101 de
1219 2068 1337 2112 apibus
1363 2068 1491 2101 dictum
1518 2072 1579 2106 est.
1665 2068 1748 2111 363)
1773 2068 1795 2102 l.
1820 2068 1898 2102 dre-

265 2135 344 2157 non.
469 2125 555 2165 365)
588 2125 676 2158 VGl.
722 2126 812 2158 char.
938 2127 1020 2168 372)
1052 2126 1139 2159 VGl.
1177 2127 1323 2169 eisgota.
1443 2125 1527 2167 374)
1566 2125 1653 2158 VGl.
1691 2125 1897 2158 mihilfahso.

265 2180 347 2223 377)
371 2180 540 2224 adjectum
567 2186 619 2215 est
637 2179 814 2225 ‘suspicor'
849 2182 892 2215 ad
911 2180 1093 2225 ‘suspecta'
1126 2193 1156 2215 V.
1181 2182 1236 2217 36.
1331 2180 1412 2222 377)
1443 2180 1534 2224 apud
1566 2179 1766 2215 Schmeller.
1797 2181 1824 2214 Ι.
1854 2182 1898 2216 76

265 2235 384 2270 inveni
405 2234 590 2280 ‘unendig'.
675 2238 757 2280 379)
781 2240 928 2281 pertinet
959 2239 1001 2271 ad
1032 2251 1061 2271 v.
1088 2239 1131 2273 83
1152 2236 1228 2271 ‘sub
1259 2235 1470 2280 proditione’.
1564 2237 1646 2279 382)
1678 2238 1701 2271 l.
1728 2237 1898 2280 merigras,

266 2292 300 2325 id
325 2292 416 2335 quod
443 2293 515 2336 ipso
539 2292 680 2326 sortasse
714 2294 748 2327 in
781 2295 1010 2338 manuscripto
1044 2294 1152 2328 literis
1177 2302 1349 2327 exaratum
1374 2299 1433 2328 est.
1531 2293 1612 2336 383)
1638 2304 1705 2326 non
1730 2292 1898 2336 intelligo,

265 2348 349 2392 quid
372 2348 488 2391 glossa
511 2349 577 2381 sibi
600 2349 693 2383 velit.
718 2361 761 2382 an
784 2350 968 2393 legendum
995 2356 1065 2384 est:
1097 2351 1216 2383 thenc-
1242 2350 1292 2383 vel
1310 2350 1516 2391 thinceidon‚
1541 2351 1587 2382 ita
1610 2356 1648 2382 ut
1674 2351 1897 2392 exprimatur:

265 2409 399 2436 sacrata
422 2404 521 2437 iura?
557 2415 621 2437 nee
651 2409 702 2437 est
732 2405 822 2448 quod
855 2406 1006 2439 offendas
1030 2407 1067 2439 in
1092 2407 1186 2440 vocis
1220 2406 1276 2439 eid
1310 2406 1456 2439 flexione
1487 2406 1608 2447 debili;
1642 2417 1719 2439 nam
1754 2406 1899 2439 debilem

265 2461 423 2494 flexionis
446 2460 583 2493 modum
607 2472 708 2505 saepe
734 2463 770 2495 in
794 2467 911 2495 nostro
937 2470 1156 2496 monumento
1181 2464 1350 2506 usurpari,
1368 2469 1470 2496 antea
1487 2463 1709 2496 demonstravi
1734 2462 1898 2505 exemplis

265 2516 388 2549 allatis.
486 2516 568 2558 384)
593 2516 614 2551 l.
645 2517 726 2550 heil.
824 2518 906 2560 386)
931 2517 1053 2562 psalmi
1078 2517 1174 2552 Trev.
1202 2519 1278 2558 108,
1315 2519 1360 2554 30
1396 2517 1529 2551 adstitit
1564 2524 1716 2558 zustunt3
1757 2523 1898 2551 tuostun

264 2573 301 2605 in
325 2572 432 2606 altero
456 2574 613 2616 margine
638 2578 699 2612 est,
727 2573 818 2617 quod
843 2574 926 2607 mihi
950 2574 1070 2607 calami
1103 2574 1220 2618 lapsus
1254 2586 1315 2618 pro
1346 2580 1507 2608 zuostunt
1543 2585 1616 2608 esse
1647 2575 1797 2614 videtur,
1832 2574 1899 2607 nisi

263 2630 380 2674 legere
403 2631 531 2662 mavis:
563 2637 716 2663 zuostan.
809 2631 892 2673 387)
917 2630 1055 2664 Servius
1080 2631 1125 2664 ad
1151 2643 1181 2666 v,
1207 2632 1293 2667 377:
1326 2631 1413 2664 bene
1443 2630 1575 2664 addidit
1598 2630 1679 2671 fida,
1713 2635 1750 2664 ut
1782 2636 1897 2664 osten-

267 2686 363 2720 deret
392 2686 588 2731 symbolum.
694 2686 776 2729 388)
801 2687 948 2721 Graffius
984 2688 1009 2723 1.
1043 2688 1111 2724 930
1140 2688 1281 2732 praebet
1311 2687 1538 2721 sciltuuerida.
1584 2687 1668 2721 VGl.
1696 2687 1896 2721 soiltfolche.

265 2744 346 2785 389)
371 2744 459 2777 1161.
483 2743 744 2788 fornantigemo.
838 2745 922 2787 391)
947 2756 1023 2778 cum
1056 2750 1169 2778 nostra
1192 2756 1267 2785 vox,
1305 2750 1468 2789 quantum
1501 2743 1608 2784 video,
1645 2744 1731 2776 nihil
1764 2745 1819 2788 sit,
1857 2754 1897 2777 eo

263 2801 363 2834 modo
388 2812 463 2834 eam
488 2801 715 2845 supplendam
739 2812 812 2835 esse
836 2812 972 2842 censeo,
998 2813 1099 2847 quom
1126 2801 1211 2836 VGl.
1235 2812 1321 2846 quae
1345 2802 1506 2845 praebent
1523 2801 1708 2842 ursloufen,
1732 2801 1894 2835 indicant.

263 2857 346 2899 392)
370 2869 412 2891 ne
436 2858 500 2891 hoc
524 2859 662 2902 quidem
689 2859 893 2892 vocabulum
924 2861 1096 2902 integrum
1129 2864 1242 2902 potest
1271 2870 1356 2892 esse.
1391 2858 1636 2892 restituendum
1671 2862 1724 2891 est
1754 2858 1897 2891 ducibus
