2225 3385
364 264 388 302 2

365 383 538 436 singulis
569 383 738 426 vocibus
768 384 908 426 latinis
942 383 1087 426 affixae
1117 386 1247 426 erant.
1279 376 1491 435 postulant
1519 381 1597 423 hoc
1627 380 1784 423 formae
1815 381 1992 423 vocabu·
2061 369 2066 375 ¹

366 456 501 499 lorum
533 454 889 509 Germanicorum,
918 467 1025 509 quae
1054 455 1262 498 interdum
1301 454 1401 508 quid
1432 453 1673 508 significent,
1706 452 1878 507 intelligi
1908 464 1988 497 non
2013 443 2017 447 ⁴

367 531 519 581 potest,
548 528 628 570 nisi
659 528 843 581 Vergilio
874 529 1036 582 integro
1067 529 1108 570 in
1138 528 1337 570 auxilium
1367 531 1526 570 vocato.
1567 531 1693 579 atque
1724 539 1805 580 quo
1835 527 1992 580 plerae-

367 613 448 655 que
477 600 640 654 glossae
664 592 667 595 ’
688 601 772 643 sint
808 601 1061 650 referendae,
1100 601 1176 644 hoc
1216 600 1336 643 modo
1376 599 1658 654 investigabis
1699 599 1733 640 si
1763 599 1828 641 vel
1858 599 1992 642 obiter

365 673 467 716 illud
505 673 752 727 glossarium
782 674 1020 726 inspexeris,
1062 674 1221 717 videbis
1260 674 1369 716 intra
1405 674 1589 727 singulas
1631 672 1775 715 literas
1806 672 1990 715 ordinem

366 746 672 800 alphabeticum
704 759 784 788 non
817 759 907 789 esse
940 751 1163 789 servatum.
1205 760 1254 789 ea
1283 748 1393 788 enim
1424 747 1583 789 ratione
1624 746 1672 795 is,
1703 746 1772 798 qui
1792 745 1992 799 vglossarii

365 818 539 860 formam
570 819 800 876 constituit,
831 831 931 860 usus
970 823 1045 870 est,
1092 824 1150 870 ut,
1192 831 1296 871 quos
1338 831 1556 871 excerpere
1597 818 1675 860 sibi
1705 820 1989 871 proposuerat,

366 891 539 944 Vergilii
578 891 704 934 libros
744 892 1071 944 uniuscuiusque
1112 892 1259 934 literae
1298 904 1427 934 causa
1455 891 1687 944 perlegeret
1715 894 1758 933 et
1786 903 1906 933 voces
1935 890 1992 932 la-

368 963 477 1006 tinas
506 976 612 1017 quae
644 964 791 1018 glossis
822 968 993 1007 ornatae
1033 967 1184 1016 essent,
1224 976 1284 1016 eo,
1324 975 1404 1017 quo
1444 964 1486 1005 in
1532 963 1714 1017 Vergilio
1754 975 1799 1006 se
1829 963 1991 1006 obviam

364 1036 535 1089 ferrent,
566 1038 710 1079 ordine
739 1037 1036 1079 conscriberet:
1068 1050 1243 1089 quarum
1265 1039 1442 1078 maxima
1464 1048 1560 1089 pars
1582 1037 1634 1078 ad
1657 1037 1819 1089 eclogas
1850 1048 1991 1077 omnes

369 1112 412 1152 et
441 1108 672 1163 Georgicon
702 1109 852 1152 librum
892 1109 1070 1163 primum
1111 1113 1391 1164 quartumque
1422 1109 1616 1163 pertinet,
1656 1108 1876 1152 nonnullae
1914 1108 1991 1151 for-

367 1186 481 1224 tasse
512 1183 563 1224 ad
595 1183 825 1234 Georgicon
847 1182 999 1241 librum
1030 1183 1256 1224 secundum
1287 1186 1329 1224 et
1360 1183 1539 1232 tertium,
1572 1182 1783 1223 Aeneidos
1813 1183 1992 1234 primum

365 1254 604 1306 secundum,
636 1259 811 1306 sextum,
833 1254 1053 1308 septimum
1076 1253 1316 1296 referendae
1338 1257 1446 1296 sunt.
1479 1253 1562 1295 dixi
1586 1257 1731 1296 antea:
1756 1251 1991 1307 ‘pleraeque

365 1325 544 1378 glossae’
576 1330 618 1367 et
640 1323 842 1367 ‘fortasse’
864 1338 953 1367 eam
976 1326 1027 1367 ob
1056 1337 1235 1377 causam,
1266 1326 1375 1378 quod
1398 1326 1506 1368 circa
1536 1325 1750 1378 sexaginta
1778 1338 1900 1368 voces
1929 1338 1991 1367 re-

363 1401 545 1449 manent,
576 1410 695 1451 quae,
727 1410 821 1440 cum
851 1398 961 1450 apud
1004 1397 1232 1450 Vergilium
1270 1411 1351 1440 non
1383 1401 1556 1450 exstent,
1598 1401 1738 1441 utrum
1769 1412 1818 1440 ex
1849 1398 1991 1441 Servio

363 1482 416 1512 an
456 1484 506 1514 ex
554 1471 756 1525 glossario
797 1471 937 1523 aliquo
975 1471 1205 1514 Isidoriano
1247 1475 1463 1524 excerptae
1511 1472 1605 1520 sint,
1646 1471 1871 1514 diiudicare
1910 1483 1991 1513 non

364 1555 547 1596 possum.
580 1543 752 1595 accedit,
782 1544 893 1595 quod
915 1555 1237 1596 nonnnunquam
1266 1544 1367 1585 ordo
1398 1544 1458 1585 ita
1477 1529 1670 1586 turbatus
1694 1548 1769 1596 est,
1800 1547 1848 1585 ut
1876 1544 1991 1586 locus

364 1615 643 1669 Vergilianus,
675 1628 756 1669 quo
785 1616 924 1668 glossa
946 1616 1166 1668 pertineat,
1196 1620 1308 1658 certo
1337 1629 1418 1658 non
1440 1617 1572 1668 possit
1602 1615 1774 1658 definiri.
1811 1616 1991 1658 alaman-

353 1686 478 1729 ‘nicas
510 1699 600 1730 esse
630 1687 707 1729 has
737 1688 910 1741 glossas,
941 1701 1016 1741 per
1046 1701 1090 1730 se
1121 1691 1257 1741 patet3
1289 1687 1361 1730 sed
1392 1699 1474 1740 quo
1504 1689 1547 1730 in
1576 1688 1826 1730 monasterio
1858 1700 1991 1742 quove

350 1764 551 1813 :tempore
582 1773 652 1803 eas
684 1766 804 1803 natas
836 1774 927 1803 esse
957 1762 1221 1811 arbitremur,
1251 1762 1347 1804 inde
1376 1751 1540 1814 pendet,
1572 1765 1772 1814 quantum
1803 1761 1991 1814 originali

366 1833 593 1885 exemplari
637 1837 839 1885 quantum
902 1834 1151 1886 alphabetici
1206 1834 1360 1876 ordinis
1408 1835 1566 1876 auctori
1615 1835 1858 1876 tribuamus.
1914 1845 1990 1887 ego

364 1905 505 1950 Sancti
551 1905 659 1949 Galli
703 1907 745 1949 in
794 1907 1045 1950 monasterio
1091 1907 1330 1949 Hartmuati
1373 1910 1560 1959 tempore
1612 1907 1866 1960 conscriptas
1919 1918 1991 1949 eas

363 1990 455 2022 esse
485 1983 599 2032 puto.

481 2052 722 2105 Sequuntur
751 2053 914 2105 glossae
944 2053 1313 2105 Tegernseeenses,
1343 2066 1368 2095 a
1390 2052 1545 2096 Graffio
1576 2054 1618 2095 in
1649 2053 1845 2096 thesauro
1876 2053 1989 2096 adhi-

362 2124 476 2167 bitae
515 2125 620 2179 (VB,
651 2123 741 2178 VG‚
780 2125 856 2167 VA
895 2125 1111 2180 signatae).
1172 2126 1329 2168 Extant
1364 2126 1405 2168 in
1441 2126 1580 2169 codice
1620 2124 1860 2169 Monacensi
1899 2128 1989 2169 Am.

366 2201 502 2240 18059
534 2199 688 2241 saeculi
719 2198 935 2240 undecimi.
968 2211 1114 2241 vocum
1136 2211 1232 2241 vero
1253 2198 1410 2242 formae
1438 2200 1649 2253 aliquanto
1671 2199 1769 2241 mihi
1799 2200 1992 2242 videntur

364 2282 460 2314 esse
491 2271 752 2320 vetustiores,
783 2270 843 2313 ita
873 2275 920 2313 ut
950 2271 1000 2314 de
1031 2272 1269 2326 apographo
1308 2272 1481 2326 cogitari
1510 2273 1653 2326 possit.
1685 2273 1891 2325 quandam
1921 2273 1991 2316 ad-

363 2355 454 2386 esse
485 2342 733 2385 affinitatem
766 2356 858 2386 cum
889 2345 1037 2397 glossis
1060 2344 1447 2395 Selestadiensibus‚
1479 2346 1530 2388 de
1560 2347 1711 2398 quibus
1741 2347 1862 2389 modo
1894 2347 1990 2397 dixi,

363 2416 507 2468 negari
544 2429 626 2458 non
656 2420 820 2470 potest3
857 2430 952 2459 nam
983 2418 1139 2460 eisdem
1168 2418 1268 2460 locis
1297 2418 1408 2459 haud
1447 2431 1541 2460 raro
1571 2419 1611 2460 in
1643 2422 1820 2471 utroque
1849 2431 1989 2462 monu-

347 2487 503 2531 'mento
536 2490 705 2532 eaedem
736 2502 856 2533 voces
894 2490 1134 2533 theodiscae
1165 2494 1400 2533 occurrunt.
1440 2503 1632 2544 compara
1661 2492 1788 2545 igitur
1817 2492 1990 2546 exempli

361 2573 486 2604 causa
517 2561 656 2615 Georg
687 2562 718 2603 I.
751 2566 798 2603 4:
830 2563 965 2614 parcis
1004 2575 1130 2616 argen
1168 2563 1222 2616 gl.
1263 2563 1343 2606 Sel.
1375 2567 1452 2605 471
1498 2564 1633 2617 parcis
1664 2565 1810 2617 apibus
1839 2577 1989 2618 argen;

362 2633 501 2688 Georg
530 2635 563 2676 Ι.
597 2638 669 2677 53:
701 2635 814 2688 regio
845 2636 969 2688 plaga
999 2636 1115 2689 zelga
1153 2637 1207 2689 gl.
1241 2636 1322 2679 Sel.
1359 2641 1439 2680 530
1477 2638 1590 2690 regio
1622 2638 1756 2691 celga3
1787 2637 1926 2692 Georg
1955 2639 1988 2680 Ι.

362 2711 437 2750 63:
484 2720 583 2760 ergo
634 2720 714 2761 age
758 2709 874 2761 pidiu
920 2709 1043 2752 uvola
1086 2709 1140 2762 gl.
1184 2709 1264 2751 Sel.
1310 2713 1388 2752 190
1427 2723 1524 2763 ergo
1566 2723 1642 2764 age
1679 2710 1811 2764 wolga
1853 2710 1988 2764 pidiu;

360 2779 500 2833 Georg
529 2780 561 2822 Ι.
595 2785 668 2823 71:
701 2793 865 2824 cessare
894 2782 1080 2825 kirastan
1112 2783 1165 2836 gl.
1199 2783 1280 2826 Sel.
1317 2787 1394 2825 107
1434 2796 1598 2826 cessare
1626 2784 1819 2836 kirestin3
1851 2782 1990 2838 Georg

360 2852 393 2893 Ι.
436 2856 508 2893 74:
551 2853 699 2907 siliqua
729 2854 835 2903 hala,
880 2855 1055 2905 cheuua,
1101 2860 1327 2909 quassante
1373 2855 1642 2899 chlaffantero
1688 2857 1743 2910 gl.
1785 2856 1865 2899 Sel.
1907 2860 1988 2899 510
