2225 3385
295 220 319 258 8

293 341 428 383 forma
458 342 631 395 geneian
664 342 716 397 gl.
760 342 872 396 Lips.
913 344 1011 396 340)
1053 346 1095 385 et
1135 344 1175 385 in
1215 342 1399 396 zuigarie
1430 345 1525 385 439.
1587 344 1716 396 Quam
1746 355 1832 385 rem
1863 342 1923 385 ita

294 414 446 457 factam
488 427 579 458 esse
620 416 826 467 existimo,
867 420 915 459 ut
954 417 1157 470 principio
1193 432 1222 472 9
1258 417 1299 458 in
1328 417 1354 470 j
1392 417 1690 468 debilitaretur,
1715 415 1875 476 ‘deinde
1891 415 1924 470 j

293 490 444 541 sponte
476 487 700 530 excideret.
733 488 776 531 in
811 487 892 532 fine
922 489 1030 532 idem
1051 490 1161 532 valet
1181 489 1291 541 quod
1319 502 1414 532 vere
1443 490 1654 533 theodisca
1683 488 1710 529 k
1738 488 1780 530 in
1811 488 1922 544 dinq-

296 563 386 603 stat
424 563 518 613 237,
562 561 714 618 thu⁸n9
758 565 851 613 519,
891 562 1146 618 snuriheliny
1182 565 1282 614 724,
1319 563 1512 618 urspriny
1550 566 1652 616 7393
1687 561 1924 616 xxkqgodes

302 634 395 686 790,
429 634 618 690 uzdruoy
650 638 757 690 8723
786 635 895 688 quod
927 634 952 675 h
981 635 1021 677 in
1054 633 1232 691 fulydun
1264 638 1346 678 450
1378 634 1467 688 (cfr.
1500 638 1637 679 annot.
1668 635 1721 678 ad
1754 635 1866 689 399).

408 706 466 756 K,
496 707 538 749 in
571 707 687 751 initio
718 709 850 761 obvia,
882 712 946 752 est
976 721 1072 751 vere
1110 708 1323 751 theodisca
1362 708 1421 750 ch.
1472 709 1632 752 deiecta
1660 711 1725 752 est
1752 708 1794 750 in
1825 721 1926 751 voce

295 781 449 824 rinnun
483 784 563 824 249
598 781 686 835 (cfr.
720 782 839 825 Anno
866 785 945 826 168
975 781 1142 826 lasterin
1172 795 1247 837 pro
1277 782 1511 836 klafterin);
1553 783 1662 827 idem
1685 794 1763 825 usu
1784 781 1925 825 venire

298 855 466 896 videtur
496 855 537 896 in
576 856 797 908 genupdan
837 859 935 905 846,
975 857 1085 908 quod
1122 855 1368 897 vocabulum
1408 856 1548 898 derivo
1590 869 1614 898 a
1643 854 1858 909 knupsjan.
1898 854 1926 894 lc

296 939 373 981 pro
406 942 431 982 q
460 927 598 982 posita
629 931 704 977 est,
736 932 937 981 sequente
970 928 1099 972 vocali
1139 944 1173 981 0,
1204 929 1245 971 in
1288 929 1431 972 conola
1461 933 1541 971 407
1575 932 1617 972 et
1647 932 1743 971 408.
1775 928 1925 970 ceteris

296 1001 398 1043 locis
437 1015 463 1055 q
500 1001 675 1043 restitit:
717 1001 1011 1057 inquedungun
1053 1004 1146 1050 244,
1188 1001 1385 1057 queclichi
1426 1004 1518 1051 295,
1560 1012 1787 1057 queneman
1832 1002 1926 1052 466,

298 1086 571 1129 erquemoner
602 1077 698 1126 467,
728 1075 1046 1129 ungequidheda
1085 1078 1179 1127 832,
1218 1064 1543 1129 betherqu'omon
1586 1078 1679 1117 933.
1718 1074 1761 1115 in
1790 1073 1926 1115 media

298 1159 397 1190 voce
427 1147 652 1200 respondet
680 1146 707 1187 k
737 1159 834 1190 vere
864 1147 1101 1191 theodiscae
1131 1146 1191 1189 ch.
1213 1147 1316 1190 haec
1347 1148 1532 1202 exempla
1561 1148 1726 1191 notavi:
1762 1147 1801 1201 1)
1832 1149 1928 1201 post

301 1221 501 1275 liquidas:
532 1221 685 1263 lankon
727 1224 790 1273 19,
821 1221 973 1263 ualkon
1009 1224 1099 1271 166,
1131 1221 1251 1263 birka
1284 1222 1374 1272 195,
1406 1224 1644 1264 zestarceon
1678 1224 1773 1272 301,
1803 1220 1924 1263 stein-

301 1305 377 1335 can
417 1296 512 1343 370,
551 1292 755 1347 gfxxlkidf
792 1296 884 1347 399,
931 1292 1041 1337 enkil
1082 1296 1178 1336 457.
1219 1294 1261 1348 2)
1295 1293 1402 1337 inter
1438 1294 1623 1338 vocales:
1663 1292 1924 1346 sxmfrlkcon,

304 1367 504 1410 uuilciline
536 1368 589 1419 (Ρ)
621 1370 714 1409 763.
750 1367 897 1410 deinde
930 1367 957 1407 k
997 1371 1197 1421 usurpata
1235 1370 1299 1410 est
1329 1371 1425 1410 ante
1456 1376 1470 1408 t
1499 1368 1540 1410 in
1570 1367 1807 1422 praeteritis
1837 1379 1925 1409 ver-

300 1441 448 1484 borum
480 1439 690 1490 debilium,
722 1453 898 1494 quorum
938 1441 1099 1484 radices
1137 1441 1179 1483 in
1217 1440 1288 1481 och
1327 1440 1544 1483 finiuntur:
1586 1443 1705 1483 zucte
1738 1443 1831 1493 581,
1863 1452 1925 1482 er-

304 1515 452 1557 dructa
484 1517 578 1563 756,
609 1513 931 1556 uuitheruuacta
962 1517 1063 1562 819;
1104 1525 1179 1567 pro
1217 1526 1299 1568 qua
1334 1514 1459 1557 semel
1491 1514 1706 1557 observavi
1736 1512 1781 1555 k:
1814 1512 1926 1555 surk-

304 1586 487 1629 scrklzdb
511 1587 605 1628 924.
636 1589 855 1639 praeterea
885 1587 913 1627 lc
932 1599 1007 1640 pro
1029 1586 1097 1627 ech
1119 1587 1256 1629 inveni
1286 1587 1325 1629 in
1347 1587 1459 1629 Iolcin
1483 1590 1575 1629 544.
1608 1586 1718 1629 idem
1750 1585 1927 1639 denique

303 1659 416 1702 valet
445 1660 555 1714 quod
594 1659 725 1701 latina
756 1674 777 1699 c
815 1659 855 1701 in
896 1658 1038 1702 furcon
1079 1662 1172 1710 513,
1217 1659 1366 1702 bucula
1405 1662 1501 1712 416,
1540 1659 1657 1701 cuius
1694 1661 1829 1712 genet.
1869 1659 1922 1712 pl.

304 1732 531 1792 buckelene
573 1733 651 1774 712
699 1735 831 1784 sonat,
870 1732 929 1774 ita
969 1736 1016 1775 ut
1055 1732 1216 1775 scribae
1253 1732 1389 1775 animo
1431 1732 1607 1775 fortasse
1637 1732 1764 1775 latina
1795 1732 1927 1775 forma

302 1807 477 1850 buccula
515 1807 570 1849 sit
609 1807 842 1850 obversata.
884 1807 911 1848 lc
952 1807 993 1849 in
1024 1806 1105 1850 fine
1150 1807 1374 1860 respondet
1420 1820 1517 1850 vere
1562 1806 1798 1850 theodiscae
1828 1806 1856 1847 lc
1885 1809 1929 1848 et

303 1881 483 1923 naturali
514 1883 556 1923 et
586 1880 634 1933 ei,
667 1892 773 1933 quae
803 1893 877 1934 pro
899 1879 968 1921 coh
999 1881 1134 1934 posita
1155 1884 1221 1923 est
1242 1880 1458 1934 (queclichi
1488 1884 1582 1932 295,
1611 1881 1802 1923 brustroc
1833 1883 1927 1928 715,

304 1957 398 2006 767,
444 1965 540 2007 spec
586 1956 680 2005 706,
731 1954 807 1996 boc
839 1954 974 2006 759.),
1021 1953 1168 1996 deinde
1214 1966 1308 1996 vere
1353 1953 1589 1996 theodiscae
1635 1953 1681 1995 h:
1727 1953 1788 1996 eic
1833 1955 1927 2006 231,

306 2028 561 2080 sprachuson
594 2030 688 2069 309.
1570 2060 1574 2063 .

439 2100 490 2140 Η
524 2100 564 2142 in
596 2100 798 2154 principio
828 2100 965 2154 posita
995 2099 1104 2142 idem
1144 2100 1327 2143 declarat
1362 2100 1473 2153 quod
1511 2112 1606 2143 vere
1645 2099 1857 2143 theodisca
1887 2102 1929 2143 et

302 2175 439 2225 getica
485 2173 531 2223 Ιις
579 2173 785 2217 nonnullis
830 2176 1048 2227 praeterea
1099 2174 1199 2217 locis
1244 2177 1388 2216 contra
1432 2177 1622 2216 naturam
1669 2172 1792 2216 affixa
1842 2176 1926 2214 est:

302 2247 518 2289 huuuillon
559 2248 611 2300 (Ρ)
653 2250 719 2295 36,
756 2246 897 2289 hissun
941 2249 1034 2299 282,
1082 2245 1240 2289 hahorn
1283 2250 1376 2296 313,
1421 2245 1651 2300 herzagede
1681 2249 1784 2299 803;
1828 2245 1928 2288 item

303 2325 448 2363 contra
478 2324 669 2363 naturam
703 2321 829 2363 semel
859 2321 1019 2362 deiecta
1050 2323 1134 2362 est:
1173 2320 1346 2373 geolade
1385 2323 1478 2362 764.
1519 2319 1544 2360 Ιι
1573 2320 1710 2363 media
1739 2322 1803 2361 est
1833 2331 1929 2361 vere

302 2394 518 2437 theodisca
549 2393 586 2446 h,
617 2394 753 2446 gotica
784 2392 829 2445 723
876 2394 917 2435 in
948 2393 1120 2435 vocibus
1152 2392 1246 2436 eihk
1279 2397 1341 2443 14,
1382 2393 1479 2437 reho
1515 2397 1606 2446 119,
1645 2392 1807 2446 perrihe
1848 2394 1927 2435 503

302 2481 400 2511 vere
432 2468 646 2511 theodisca
677 2467 736 2508 elz.
776 2467 802 2508 h
840 2468 881 2510 in
920 2467 1040 2516 heihl,
1080 2467 1246 2510 bihseze
1278 2469 1378 2519 (384
1415 2471 1457 2509 et
1488 2469 1587 2520 896)
1627 2467 1787 2509 obviam
1817 2478 1928 2509 men-

308 2542 450 2585 dosam
482 2553 573 2584 esse
611 2541 760 2584 iudico.
801 2540 927 2584 semel
956 2553 1031 2595 pro
1074 2539 1099 2582 h
1130 2541 1309 2584 occurrit
1345 2556 1381 2582 w
1420 2541 1460 2584 in
1491 2553 1589 2584 voce
1630 2552 1792 2583 zeuuon
1833 2542 1925 2583 553.

305 2616 414 2658 inter
447 2615 606 2658 vocales
637 2614 663 2655 Ῐι
694 2605 863 2657 extrusa
893 2619 957 2658 est
985 2615 1050 2656 his
1081 2615 1201 2657 locis:
1234 2614 1369 2667 gfscxf
1395 2616 1461 2663 23,
1491 2614 1663 2668 gescuin
1697 2616 1790 2662 187,
1820 2613 1928 2656 biale

304 2692 398 2741 393,
444 2688 631 2731 leidezoa
672 2691 767 2741 446,
805 2687 874 2731 hoi
924 2691 1016 2740 529,
1062 2688 1272 2742 erspietun
1311 2691 1405 2741 822,
1444 2688 1540 2730 hoin
1579 2691 1682 2741 9283
1731 2687 1791 2729 ita
1828 2699 1927 2730 vero

302 2765 485 2814 extrusa,
518 2766 566 2804 ut
596 2761 719 2804 simul
751 2761 902 2804 vocalis
941 2761 1191 2804 antecedens
1231 2761 1576 2816 exstingueretur,
1616 2761 1680 2803 in:
1717 2759 1806 2804 fora
1846 2763 1923 2802 211

307 2834 385 2887 (sic
415 2834 637 2889 legendum
667 2838 732 2878 est
761 2847 837 2888 pro
868 2847 929 2888 e0,
960 2834 1070 2888 quod
1111 2835 1238 2878 codex
1269 2835 1442 2890 praebet
1471 2834 1599 2887 Evra)
1631 2833 1804 2889 spreithi
1835 2834 1927 2889 (pro
