2225 3427
1826 273 1849 311 7

349 392 570 445 Pergamus
600 394 652 436 ad
683 395 865 438 ordinem
896 395 1120 438 labialium.
1168 394 1218 446 B,
1258 398 1300 437 et
1339 394 1379 436 in
1410 394 1542 447 prima
1573 398 1615 436 et
1644 394 1684 435 in
1715 394 1851 436 media

235 477 334 508 voce
372 464 567 509 collocata
605 468 827 521 respondet
856 480 953 511 vere
991 467 1226 510 theodiscae
1248 481 1304 522 p;
1336 468 1578 519 posterioris
1607 480 1704 510 vero
1736 468 1758 507 b
1788 468 1846 510 lo-

235 550 327 580 cum
357 539 594 592 saepissime
624 538 805 593 occupat
829 556 852 580 v
875 541 949 594 (u),
986 541 1027 582 id
1068 541 1178 594 quod
1218 541 1344 583 semel
1383 541 1447 583 vel
1487 540 1530 582 in
1560 541 1727 583 exordio
1757 539 1846 583 fieri

234 609 418 652 videtur:
452 614 530 652 537
561 612 761 664 gewolana
791 612 880 665 (cfr.
922 613 976 666 gl.
1009 613 1216 655 Wiesbad.
1257 613 1368 666 apud
1408 613 1636 666 Hauptium
1674 612 1747 655 VI.
1779 626 1844 656 no.
1893 598 1896 601 Δ

235 685 336 725 259;
379 684 629 738 uersbotde).
669 689 885 737 praeterea
924 686 947 726 b
986 698 1059 738 pro
1097 701 1120 726 v
1158 686 1200 727 in
1238 698 1335 728 voce
1380 686 1516 728 media
1555 688 1756 737 usurpata
1785 688 1853 727 est

233 758 334 797 428:
364 755 525 799 uuebal.
558 757 705 800 deinde
734 758 757 798 b
786 759 893 801 idem
915 759 1024 801 valet
1044 759 1155 811 quod
1186 759 1315 801 latina
1340 774 1371 813 p
1402 759 1443 800 in
1475 758 1589 801 biron
1623 762 1714 810 199,
1747 761 1841 810 200,

234 831 333 880 289;
365 830 475 886 quod
495 829 565 883 pf
587 831 628 871 in
658 831 820 872 brimun
852 832 904 884 (22)
941 835 1030 879 188,
1063 832 1154 873 vide
1184 831 1311 873 Graff.
1343 832 1463 873 Thes.
1495 832 1571 872 III.
1605 833 1744 882 366l7.

345 901 390 941 P
413 902 522 945 idem
553 902 737 946 declarat
776 903 885 957 quod
923 916 1019 946 vere
1050 903 1260 947 theodisca
1289 902 1352 958 pk
1387 902 1452 946 vel
1482 902 1511 953 f
1536 907 1578 946 et
1607 903 1648 945 in
1679 902 1845 946 exordio

232 978 274 1017 et
302 974 343 1016 in
374 975 507 1018 medio
537 965 703 1028 vocu1n3
734 977 844 1030 quod
862 976 915 1031 ff
940 977 981 1019 in
1002 990 1140 1031 gpppn
1173 977 1276 1030 2483
1306 978 1417 1028 quod
1440 991 1474 1031 p
1504 977 1547 1018 in
1572 976 1719 1030 pletda
1750 977 1843 1028 507,

231 1047 489 1101 uuarpoloda
529 1052 621 1090 547.
669 1050 838 1091 latinam
881 1066 911 1104 p
955 1050 1108 1092 retinet
1147 1050 1319 1104 tepidun
1359 1053 1453 1092 835.
1494 1049 1711 1092 coniuncta
1751 1061 1844 1091 cum

233 1120 464 1163 dentalibus
485 1121 620 1175 posita
640 1125 703 1164 est
726 1126 767 1164 et
780 1135 835 1176 p:
868 1125 1047 1177 uuarpta
1070 1123 1161 1174 550,
1201 1122 1393 1176 uubrpda
1414 1125 1510 1174 889,
1532 1122 1590 1175 (in
1620 1121 1843 1176 genupdan

234 1193 315 1234 846
336 1208 372 1247 p
410 1194 544 1235 locum
580 1195 727 1236 literae
756 1193 836 1248 pf
857 1195 1043 1237 obtinere
1082 1196 1262 1247 videtur)
1304 1199 1346 1237 et
1384 1195 1429 1235 b:
1469 1195 1708 1237 erstoubten
1749 1197 1843 1246 734,

231 1268 273 1308 et
291 1262 344 1321 f:
377 1264 547 1319 furf'tun
579 1269 671 1318 705,
704 1264 879 1322 uuarfla
913 1270 1008 1309 863.

342 1339 387 1378 F
410 1340 473 1381 vel
513 1339 553 1378 V
576 1343 618 1380 et
646 1340 687 1380 in
717 1340 833 1380 initio
863 1343 905 1381 et
924 1340 964 1380 in
988 1340 1121 1382 medio
1152 1340 1337 1382 adhibita
1357 1340 1582 1392 respondet
1610 1351 1706 1381 vere
1736 1339 1847 1381 theo-

231 1410 369 1454 discae
387 1409 435 1467 f,
465 1412 648 1465 exceptis
677 1411 742 1454 his
764 1411 955 1455 vocibus:
986 1409 1194 1466 zpfrxngb
1218 1415 1283 1463 38,
1315 1409 1567 1467 uuarfoloda
1597 1413 1692 1462 442,
1722 1409 1849 1464 halfu

231 1488 324 1534 853,
355 1486 425 1528 ubi
456 1485 564 1527 idem
595 1486 707 1539 quod
736 1472 833 1528 rere
863 1485 1075 1528 theodisca
1099 1501 1130 1540 p
1161 1484 1377 1538 significat.

341 1557 436 1597 PH
454 1558 494 1599 in
526 1558 659 1599 medio
707 1558 843 1599 inveni
884 1569 958 1610 pro
997 1570 1093 1599 vere
1132 1557 1343 1599 theodisca
1363 1556 1404 1611 f
1425 1558 1485 1598 in:
1527 1556 1720 1611 houphon
1754 1559 1848 1608 752,

229 1628 490 1684 striphahten
515 1632 607 1680 795,
638 1642 712 1682 pro
727 1627 794 1684 pf
808 1629 849 1671 in
871 1628 1061 1684 sukpkxn
1084 1632 1186 1683 6763
1218 1641 1291 1683 pro
1313 1629 1440 1670 latina
1458 1644 1487 1684 p
1510 1629 1552 1670 in
1581 1627 1729 1683 piepho
1752 1631 1846 1671 903.

341 1704 388 1744 In
419 1702 500 1745 fine
530 1714 740 1756 nunquam
773 1703 807 1754 b,
850 1703 922 1745 sed
960 1707 1034 1745 aut
1056 1719 1088 1758 p
1128 1706 1202 1745 aut
1219 1701 1260 1757 f
1285 1703 1431 1755 reperi.
1470 1705 1595 1754 atque
1624 1701 1847 1754 respondet

227 1790 257 1829 p
287 1788 384 1817 vere
415 1775 651 1817 theodiscae
674 1790 708 1828 p
741 1776 780 1816 in
813 1775 966 1829 gfdrkp
998 1778 1092 1827 330,
1131 1775 1236 1829 drkp
1270 1778 1334 1822 50,
1375 1774 1550 1828 selpuua
1589 1774 1682 1822 344,
1719 1773 1849 1816 sueri-

227 1851 320 1902 stap
353 1851 451 1896 7183
482 1847 627 1890 literae
646 1846 687 1902 f
710 1848 750 1889 in
782 1860 914 1904 uuarp
946 1852 1012 1900 43,
1044 1851 1138 1900 429,
1173 1860 1251 1902 sap
1299 1850 1392 1895 730,
1424 1847 1569 1889 literae
1595 1845 1659 1900 pf
1692 1846 1733 1887 in
1763 1846 1845 1900 dop

230 1924 322 1961 674.
354 1919 384 1970 f
406 1925 543 1963 autem
574 1921 681 1962 idem
713 1925 777 1962 est
806 1922 916 1974 quod
947 1934 1041 1963 vere
1071 1921 1283 1963 theodisca
1313 1923 1386 1961 aut
1412 1913 1540 1972 faut
1561 1934 1596 1973 p
1629 1917 1750 1972 (cprf
1774 1922 1840 1970 68,

228 1992 461 2047 halfdieres
493 1996 587 2046 753,
617 1992 796 2049 selfscoz
829 1997 922 2043 915,
955 1993 1026 2036 cfr.
1061 1997 1142 2036 406
1173 1993 1329 2046 annot.)
1354 1991 1421 2048 pf
1443 1991 1623 2035 occurrit
1651 1992 1693 2034 in
1723 1989 1842 2047 tupf-

227 2067 336 2109 teine
378 2070 478 2115 5173
526 2079 617 2108 cum
663 2071 801 2109 autem
845 2071 941 2109 ante
987 2076 1000 2107 ι
1041 2068 1148 2109 desit
1195 2083 1227 2118 s,
1265 2067 1484 2119 legendum
1533 2077 1623 2107 esse
1671 2077 1839 2107 censeo:

227 2140 445 2192 tupsteine.
1205 2128 1207 2131 ⁵

338 2211 422 2251 PP
447 2211 553 2253 idem
586 2215 650 2254 est
684 2217 722 2265 1)
755 2213 865 2267 quod
886 2225 981 2255 vere
1002 2213 1214 2255 theodisca
1226 2226 1313 2267 pp3
1346 2224 1531 2267 uueppes
1565 2214 1656 2260 149,
1688 2211 1842 2264 uurppi

228 2288 321 2336 325,
352 2297 517 2340 uueppe
548 2290 642 2327 874.
685 2288 725 2339 2)
764 2288 873 2340 quod
896 2285 976 2340 pf:
1018 2300 1125 2340 eppe
1167 2290 1228 2337 16,
1262 2286 1407 2339 eppele
1441 2289 1531 2326 153.
1561 2283 1612 2337 ff
1636 2284 1771 2325 inveni
1800 2284 1844 2325 in

225 2356 327 2412 laffa
358 2360 459 2410 5073
490 2357 681 2412 luffenon
714 2362 778 2411 79,
810 2358 1064 2414 hieffuldrun
1096 2362 1189 2407 291,
1221 2357 1428 2413 elaffende
1459 2361 1551 2399 640.

337 2504 517 2548 Transeo
550 2504 602 2547 ad
632 2505 776 2547 literas
797 2505 1047 2558 gutturales.
1111 2503 1149 2546 G
1179 2504 1221 2546 in
1259 2517 1404 2546 vocum
1435 2504 1612 2546 exordiis
1643 2502 1844 2546 collocata

224 2578 447 2633 respondet
476 2590 571 2619 vere
601 2577 840 2620 theodiscae
881 2577 920 2629 k,
959 2581 1139 2630 quatuor
1178 2578 1358 2630 exceptis
1396 2577 1507 2627 lociS,
1549 2577 1619 2619 ubi
1649 2576 1796 2619 literae
1822 2576 1843 2624 j

225 2664 394 2693 munere
423 2650 631 2703 fungitur:
666 2652 804 2706 yedun
841 2654 930 2701 105,
963 2651 1145 2705 zuiyarie
1184 2654 1278 2701 439,
1307 2663 1384 2706 yar
1414 2653 1509 2700 440,
1540 2653 1715 2705 geyazet
1744 2653 1839 2691 497.

224 2724 462 2775 ceteroquin
487 2723 513 2778 j
540 2727 706 2766 servata
736 2727 811 2772 est,
852 2723 965 2778 velut
1004 2724 1044 2765 in
1076 2724 1263 2766 vocibus:
1304 2723 1407 2765 eiz'er
1447 2726 1538 2773 175,
1580 2723 1715 2776 {agari
1747 2727 1841 2774 443,

224 2796 373 2850 iageda
413 2799 504 2839 525.
555 2797 596 2839 in
647 2796 781 2839 medio
821 2796 1020 2839 vocabulo
1062 2796 1170 2839 idem
1220 2799 1283 2839 est
1321 2799 1446 2850 atque
1494 2808 1590 2838 vere
1628 2796 1842 2839 theodisca

224 2870 270 2923 1⁶3
301 2869 409 2912 idem
439 2873 564 2922 atque
594 2869 620 2909 h
648 2870 691 2910 in
721 2869 865 2924 foraqa
902 2872 996 2910 817.
1037 2869 1168 2912 eiecta
1205 2873 1269 2911 est
1309 2869 1349 2910 in
1389 2869 1562 2922 geneian
1596 2871 1645 2910 17
1678 2869 1841 2922 (eadem
