2225 3385
327 243 354 280 4

330 354 628 417 cognoscendis
676 361 1005 407 Muellenhoffius
1051 361 1338 419 liberalissime
1386 376 1452 407 me
1498 364 1669 414 adiuvit,
1715 375 1808 407 cum
1851 363 1952 406 mihi

328 438 569 492 apographa
600 451 708 482 nova
738 451 764 482 a
793 438 840 481 F.
871 438 1043 482 Keinzio
1076 437 1261 482 confecta
1292 438 1593 493 suppeditaret.

442 512 648 563 Quartum
669 513 710 555 in
730 513 880 566 glossis
902 511 1276 555 Selestadiensibus
1298 511 1434 555 locum
1458 515 1634 566 occupat
1663 512 1950 556 vocabularius

328 586 399 639 qui
430 586 669 629 inscribitur
691 583 834 639 ‘super
865 582 1112 640 Vergilium'.
1145 585 1246 629 ordo
1268 585 1563 629 vocabulorum
1594 597 1712 638 quae,
1742 584 1951 627 intermix-

326 661 381 702 tis
424 660 589 703 scholiis
630 660 853 712 Servianis,
899 660 952 701 ad
1000 660 1219 714 plerasque
1260 660 1436 713 eclogas,
1484 659 1698 713 Georgica,
1745 658 1950 701 Aeneidos

326 736 488 785 partem
519 734 739 787 pertinent,
772 733 986 787 paululum
1016 736 1081 775 est
1110 734 1396 776 conturbatus.

442 805 614 848 Glossas
638 806 940 857 Berolinenses‚
971 806 1142 859 Vergilii
1167 806 1318 859 eclogis
1340 806 1372 858 I,
1395 807 1450 858 II,
1472 805 1550 854 111,
1582 806 1672 858 VII,
1694 806 1732 847 X
1753 809 1795 848 et
1825 804 1949 848 Geor-

324 878 445 930 gicon
476 878 592 921 libr1s
624 879 656 931 I,
688 879 744 931 II,
769 879 829 921 lV
848 882 1067 921 annotatas
1088 879 1242 932 publici
1273 879 1375 921 iuris
1407 879 1506 922 fecit
1526 878 1809 921 Bethmannus
1839 878 1950 930 apud

324 951 556 1005 Hauptium
595 951 644 994 V.
682 955 763 994 208
800 965 859 1006 sq.
901 965 989 1006 eg0,
1037 953 1185 996 collato
1225 947 1377 1006 codice,
1428 953 1591 997 circiter
1621 952 1792 1006 triginta
1829 963 1948 994 voces

328 1035 432 1075 quas
464 1025 613 1076 omisit,
644 1025 795 1067 inveni.

439 1097 699 1151 Vergilianas
746 1098 811 1141 vel
850 1099 989 1151 potius
1031 1099 1249 1141 Ser-vianas
1289 1100 1449 1152 glossas
1495 1100 1661 1141 exhibet
1697 1098 1944 1150 glossarium

324 1169 441 1212 Junii
470 1170 522 1212 H.
553 1169 649 1213 inde
679 1171 731 1214 ab
773 1171 889 1213 initio
934 1173 989 1224 (p.
1033 1174 1112 1214 387
1146 1171 1336 1225 Nyerup)
1377 1183 1508 1224 usque
1544 1171 1596 1213 ad
1626 1171 1818 1225 paginam
1851 1173 1944 1222 391,

323 1254 442 1295 quae,
474 1247 638 1286 servato
669 1248 783 1287 recto
814 1245 970 1294 ordine,
1011 1245 1167 1296 petitae
1208 1248 1305 1287 sunt
1343 1258 1393 1287 ex
1422 1244 1637 1298 Georgicis
1677 1248 1720 1287 et
1750 1243 1946 1295 Aeneide,

323 1328 510 1370 quasque
549 1316 592 1359 in
631 1318 870 1371 regionibus
908 1318 961 1359 ad
998 1318 1187 1360 Rhenum
1236 1316 1469 1361 inferiorem
1520 1318 1785 1371 vergentibus
1826 1320 1946 1359 natas

323 1401 428 1438 esse,
460 1390 662 1432 dialectus
692 1390 885 1432 ostendit.
917 1403 942 1431 a
971 1390 1122 1443 pagina
1159 1393 1238 1431 392
1269 1387 1418 1433 ‘Athos
1457 1402 1574 1432 mons
1603 1386 1810 1432 Thraciae’
1850 1389 1947 1431 inci-

323 1462 443 1515 piunt
473 1463 748 1517 etymologiae
778 1476 828 1506 ex
858 1463 1018 1506 Isidoro
1056 1467 1287 1517 excerptae,
1327 1464 1434 1507 inter
1470 1476 1573 1518 quas
1603 1463 1823 1507 nonnullae
1855 1475 1947 1506 sese

322 1548 443 1578 voces
479 1537 642 1579 obviam
682 1537 841 1588 ferunt,
884 1549 1059 1591 quarum
1098 1536 1231 1579 sontes
1270 1536 1467 1591 indagare
1505 1537 1604 1578 mihi
1640 1549 1722 1579 non
1752 1536 1945 1590 contigit;

321 1610 445 1654 finem
476 1610 636 1654 faciunt
667 1613 904 1665 plantarum
935 1613 1112 1655 nomina.

454 1685 631 1731 Frustra
673 1685 784 1738 apud
823 1685 1110 1728 Hattemerum
1147 1685 1307 1739 glossas
1337 1697 1363 1726 a
1393 1683 1548 1727 Graffio
1581 1683 1695 1738 Virg.
1727 1683 1763 1726 G
1797 1687 1833 1725 3.
1866 1683 1943 1738 sig-

320 1760 444 1800 natas
483 1759 688 1810 quaesivi;
729 1771 825 1800 nam
864 1771 913 1800 ex
943 1759 1081 1801 codice
1113 1759 1180 1813 Sg.
1217 1763 1337 1811 1394,
1379 1760 1420 1800 in
1440 1772 1522 1812 quo
1544 1758 1633 1800 illas
1655 1761 1796 1800 extare
1826 1757 1942 1799 Gras-

318 1828 398 1872 fius
436 1830 547 1880 dicit,
593 1830 695 1873 nihil
735 1831 1003 1874 Hattemerus
1039 1831 1160 1874 affert
1205 1836 1370 1885 praeter
1412 1831 1630 1874 formulam
1678 1829 1944 1874 confessionis

320 1905 369 1956 (Ι.
411 1907 510 1957 325)
560 1909 603 1946 et
642 1909 728 1946 tres
767 1905 927 1958 glossas
974 1906 1022 1957 (I.
1063 1908 1163 1954 423)
1202 1917 1377 1958 quarum
1422 1917 1505 1947 una
1542 1917 1770 1947 summum:
1811 1904 1944 1946 niciae

318 1977 458 2020 uuichi
488 1977 638 2032 Georg.
670 1978 702 2020 I.
737 1981 798 2020 75,
836 1978 1074 2031 Vergiliana
1104 1990 1195 2021 esse
1225 1981 1375 2033 potest.

454 2051 617 2094 Saeculi
649 2052 826 2106 denique
856 2053 989 2106 quinti
1020 2053 1168 2095 decimi
1206 2053 1380 2106 glossas,
1420 2064 1527 2105 quae
1556 2052 1609 2094 ad
1640 2054 1823 2094 nostram
1854 2063 1941 2093 rem

320 2125 421 2167 nihil
451 2124 619 2177 faciunt,
650 2126 824 2178 praebet
856 2126 991 2177 Mone,
1021 2126 1215 2178 anzeiger
1245 2126 1312 2168 fiir
1331 2125 1470 2168 kunde
1500 2125 1574 2167 der
1603 2125 1820 2168 teutschen
1850 2138 1942 2167 vor-

321 2198 415 2240 zeit.
448 2198 521 2251 VI,
554 2199 700 2252 (1837)
732 2212 771 2252 p.
803 2202 898 2242 437.

431 2271 576 2314 Redeo
606 2285 714 2315 nunc
746 2272 799 2314 ad
830 2273 990 2326 glossas
1020 2273 1289 2323 ParisienseS,
1329 2285 1436 2325 quae
1475 2272 1529 2314 ad
1565 2283 1688 2324 quam
1720 2271 1943 2313 dialectum

315 2345 399 2387 sint
428 2345 670 2388 referendae
700 2350 743 2388 et
772 2359 854 2399 quo
887 2349 1070 2398 tempore
1102 2350 1218 2387 ortae
1249 2358 1339 2388 esse
1371 2345 1600 2396 videantur,
1640 2348 1842 2398 quantum
1871 2357 1941 2396 po-

318 2421 450 2467 tuero,
482 2417 767 2461 demonstrare
797 2419 988 2461 conabor.
1028 2418 1169 2472 itaque
1209 2418 1398 2473 primum,
1440 2417 1645 2473 quomodo
1686 2430 1730 2461 se
1760 2417 1943 2461 habeant

315 2493 640 2544 consonantium,
673 2492 878 2544 quomodo
901 2493 1103 2535 vocalium
1135 2493 1328 2544 rationes,
1360 2491 1584 2546 explicabo,
1616 2492 1765 2534 deinde
1798 2504 1939 2544 quem-

313 2565 536 2609 admodum
583 2566 795 2609 nominum
847 2578 894 2611 ac
947 2566 1169 2610 verborum
1213 2565 1370 2610 formae
1421 2564 1665 2615 flectantur,
1721 2565 1940 2609 enarrabo.

315 2639 480 2680 initium
510 2638 636 2681 faciat
667 2639 895 2681 dentalium
922 2640 1035 2681 ordo.
