<?xml version="1.0" encoding="UTF-8"?>
<!DOCTYPE html PUBLIC "-//W3C//DTD XHTML 1.0 Transitional//EN"
    "http://www.w3.org/TR/xhtml1/DTD/xhtml1-transitional.dtd">
<html xmlns="http://www.w3.org/1999/xhtml" xml:lang="en" lang="en">
 <head>
  <title>
</title>
<meta http-equiv="Content-Type" content="text/html;charset=utf-8" />
  <meta name='ocr-system' content='tesseract 3.04.00' />
  <meta name='ocr-capabilities' content='ocr_page ocr_carea ocr_par ocr_line ocrx_word'/>
</head>
<body>
  <div class='ocr_page' id='page_1' title='image "4738070_0036.png"; bbox 0 0 2225 3385; ppageno 0'>
   <div class='ocr_carea' id='block_1_1' title="bbox 265 248 318 286">
    <p class='ocr_par' dir='ltr' id='par_1_1' title="bbox 265 248 318 286">
     <span class='ocr_line' id='line_1_1' title="bbox 265 248 318 286; baseline 0 0"><span class='ocrx_word' id='word_1_1' title='bbox 265 248 318 286; x_wconf 85' lang='lat'>24</span> 
     </span>
    </p>
   </div>
   <div class='ocr_carea' id='block_1_2' title="bbox 263 367 1894 2832">
    <p class='ocr_par' dir='ltr' id='par_1_2' title="bbox 263 367 1891 1377">
     <span class='ocr_line' id='line_1_2' title="bbox 265 367 1887 422; baseline 0.001 -13"><span class='ocrx_word' id='word_1_2' title='bbox 265 368 419 409; x_wconf 88' lang='lat' dir='ltr'>mainet</span> <span class='ocrx_word' id='word_1_3' title='bbox 450 370 646 418; x_wconf 80' lang='lat' dir='ltr'>vocatur3</span> <span class='ocrx_word' id='word_1_4' title='bbox 680 367 827 409; x_wconf 89' lang='lat' dir='ltr'>deinde</span> <span class='ocrx_word' id='word_1_5' title='bbox 859 367 1054 410; x_wconf 86' lang='lat' dir='ltr'>exhibent</span> <span class='ocrx_word' id='word_1_6' title='bbox 1084 368 1245 421; x_wconf 83' lang='lat' dir='ltr'>glossae</span> <span class='ocrx_word' id='word_1_7' title='bbox 1275 369 1510 410; x_wconf 83' lang='lat' dir='ltr'>Xantenses</span> <span class='ocrx_word' id='word_1_8' title='bbox 1541 368 1693 421; x_wconf 84' lang='lat' dir='ltr'>(Mone,</span> <span class='ocrx_word' id='word_1_9' title='bbox 1725 369 1887 422; x_wconf 87' lang='lat' dir='ltr'>quellen</span> 
     </span>
     <span class='ocr_line' id='line_1_3' title="bbox 265 441 1889 496; baseline 0 -13"><span class='ocrx_word' id='word_1_10' title='bbox 265 442 297 484; x_wconf 91' lang='grc' dir='ltr'>Ι.</span> <span class='ocrx_word' id='word_1_11' title='bbox 329 454 368 495; x_wconf 90' lang='lat' dir='ltr'>p.</span> <span class='ocrx_word' id='word_1_12' title='bbox 402 441 520 494; x_wconf 81' lang='lat'><strong>277⁸)</strong></span> <span class='ocrx_word' id='word_1_13' title='bbox 557 444 634 483; x_wconf 87' lang='lat'>132</span> <span class='ocrx_word' id='word_1_14' title='bbox 666 441 899 495; x_wconf 79' lang='lat' dir='ltr'>gemez&#39;dan,</span> <span class='ocrx_word' id='word_1_15' title='bbox 936 442 990 496; x_wconf 90' lang='lat' dir='ltr'>gl.</span> <span class='ocrx_word' id='word_1_16' title='bbox 1027 442 1069 484; x_wconf 93' lang='lat' dir='ltr'>in</span> <span class='ocrx_word' id='word_1_17' title='bbox 1107 442 1249 484; x_wconf 86' lang='lat' dir='ltr'>Heinr.</span> <span class='ocrx_word' id='word_1_18' title='bbox 1288 454 1434 484; x_wconf 91' lang='lat' dir='ltr'>summ.</span> <span class='ocrx_word' id='word_1_19' title='bbox 1474 441 1611 484; x_wconf 84' lang='lat' dir='ltr'><strong>Germ.</strong></span> <span class='ocrx_word' id='word_1_20' title='bbox 1648 442 1720 484; x_wconf 88' lang='lat' dir='ltr'>IX.</span> <span class='ocrx_word' id='word_1_21' title='bbox 1751 455 1790 495; x_wconf 91' lang='lat' dir='ltr'>p.</span> <span class='ocrx_word' id='word_1_22' title='bbox 1823 445 1889 490; x_wconf 89' lang='lat'>21,</span> 
     </span>
     <span class='ocr_line' id='line_1_4' title="bbox 267 513 1889 568; baseline 0 -12"><span class='ocrx_word' id='word_1_23' title='bbox 267 514 340 556; x_wconf 71' lang='lat'>38¹²</span> <span class='ocrx_word' id='word_1_24' title='bbox 372 513 562 555; x_wconf 74' lang='lat' dir='ltr'>ee&#39;ffaltra.</span> <span class='ocrx_word' id='word_1_25' title='bbox 594 513 720 555; x_wconf 89' lang='lat' dir='ltr'>latius</span> <span class='ocrx_word' id='word_1_26' title='bbox 751 513 929 557; x_wconf 84' lang='lat' dir='ltr'>fortasse</span> <span class='ocrx_word' id='word_1_27' title='bbox 959 515 1061 558; x_wconf 86' lang='lat' dir='ltr'>haec</span> <span class='ocrx_word' id='word_1_28' title='bbox 1091 518 1254 568; x_wconf 87' lang='lat' dir='ltr'>patent:</span> <span class='ocrx_word' id='word_1_29' title='bbox 1296 515 1334 568; x_wconf 93' lang='lat' dir='ltr'>l)</span> <span class='ocrx_word' id='word_1_30' title='bbox 1366 529 1401 555; x_wconf 91' lang='lat' dir='ltr'><em>w</em></span> <span class='ocrx_word' id='word_1_31' title='bbox 1432 526 1506 567; x_wconf 92' lang='lat' dir='ltr'>pro</span> <span class='ocrx_word' id='word_1_32' title='bbox 1537 513 1562 554; x_wconf 71' lang='lat' dir='ltr'>h</span> <span class='ocrx_word' id='word_1_33' title='bbox 1591 514 1699 557; x_wconf 90' lang='lat' dir='ltr'>inter</span> <span class='ocrx_word' id='word_1_34' title='bbox 1728 514 1889 558; x_wconf 85' lang='lat' dir='ltr'>vocales</span> 
     </span>
     <span class='ocr_line' id='line_1_5' title="bbox 264 586 1890 640; baseline 0.001 -11"><span class='ocrx_word' id='word_1_35' title='bbox 264 586 420 640; x_wconf 87' lang='lat' dir='ltr'>posita:</span> <span class='ocrx_word' id='word_1_36' title='bbox 466 599 628 628; x_wconf 71' lang='lat' dir='ltr'>zennon</span> <span class='ocrx_word' id='word_1_37' title='bbox 668 590 762 639; x_wconf 82' lang='lat'>553,</span> <span class='ocrx_word' id='word_1_38' title='bbox 807 599 931 640; x_wconf 89' lang='lat' dir='ltr'>quam</span> <span class='ocrx_word' id='word_1_39' title='bbox 976 588 1148 630; x_wconf 86' lang='lat' dir='ltr'>formam</span> <span class='ocrx_word' id='word_1_40' title='bbox 1193 600 1275 630; x_wconf 93' lang='lat' dir='ltr'>non</span> <span class='ocrx_word' id='word_1_41' title='bbox 1318 587 1449 630; x_wconf 90' lang='lat' dir='ltr'>solum</span> <span class='ocrx_word' id='word_1_42' title='bbox 1494 586 1779 630; x_wconf 88' lang='lat' dir='ltr'>Helvetiorum</span> <span class='ocrx_word' id='word_1_43' title='bbox 1817 587 1890 630; x_wconf 89' lang='lat' dir='ltr'>sed</span> 
     </span>
     <span class='ocr_line' id='line_1_6' title="bbox 266 659 1891 716; baseline 0 -14"><span class='ocrx_word' id='word_1_44' title='bbox 266 660 390 702; x_wconf 89' lang='lat' dir='ltr'>etiam</span> <span class='ocrx_word' id='word_1_45' title='bbox 421 660 546 701; x_wconf 91' lang='lat' dir='ltr'>medii</span> <span class='ocrx_word' id='word_1_46' title='bbox 577 659 709 702; x_wconf 83' lang='lat' dir='ltr'>Rheni</span> <span class='ocrx_word' id='word_1_47' title='bbox 741 660 973 703; x_wconf 87' lang='lat' dir='ltr'>accolarum</span> <span class='ocrx_word' id='word_1_48' title='bbox 1005 662 1169 705; x_wconf 85' lang='lat' dir='ltr'>dialecti</span> <span class='ocrx_word' id='word_1_49' title='bbox 1210 662 1421 716; x_wconf 84' lang='lat' dir='ltr'>propriam</span> <span class='ocrx_word' id='word_1_50' title='bbox 1459 672 1550 703; x_wconf 86' lang='lat' dir='ltr'>esse</span> <span class='ocrx_word' id='word_1_51' title='bbox 1580 660 1680 703; x_wconf 90' lang='lat' dir='ltr'>dicit</span> <span class='ocrx_word' id='word_1_52' title='bbox 1711 660 1891 703; x_wconf 69' lang='lat' dir='ltr'>Schmel-</span> 
     </span>
     <span class='ocr_line' id='line_1_7' title="bbox 263 733 1889 789; baseline 0 -14"><span class='ocrx_word' id='word_1_53' title='bbox 263 733 336 784; x_wconf 87' lang='lat' dir='ltr'>ler,</span> <span class='ocrx_word' id='word_1_54' title='bbox 369 733 416 774; x_wconf 91' lang='lat' dir='ltr'>B.</span> <span class='ocrx_word' id='word_1_55' title='bbox 439 733 515 774; x_wconf 82' lang='lat' dir='ltr'>Wb.</span> <span class='ocrx_word' id='word_1_56' title='bbox 540 733 609 775; x_wconf 92' lang='lat' dir='ltr'>IV.</span> <span class='ocrx_word' id='word_1_57' title='bbox 633 736 727 775; x_wconf 86' lang='lat'><strong>239.</strong></span> <span class='ocrx_word' id='word_1_58' title='bbox 751 735 937 788; x_wconf 86' lang='lat' dir='ltr'>exempla</span> <span class='ocrx_word' id='word_1_59' title='bbox 966 735 1065 776; x_wconf 91' lang='lat' dir='ltr'>mihi</span> <span class='ocrx_word' id='word_1_60' title='bbox 1095 739 1262 789; x_wconf 89' lang='lat' dir='ltr'>praesto</span> <span class='ocrx_word' id='word_1_61' title='bbox 1284 747 1364 777; x_wconf 92' lang='lat' dir='ltr'>non</span> <span class='ocrx_word' id='word_1_62' title='bbox 1395 738 1493 776; x_wconf 91' lang='lat' dir='ltr'>sunt</span> <span class='ocrx_word' id='word_1_63' title='bbox 1522 736 1687 788; x_wconf 88' lang='lat' dir='ltr'>praeter</span> <span class='ocrx_word' id='word_1_64' title='bbox 1716 733 1889 776; x_wconf 89' lang='lat' dir='ltr'>formam</span> 
     </span>
     <span class='ocr_line' id='line_1_8' title="bbox 264 805 1891 862; baseline 0 -14"><span class='ocrx_word' id='word_1_65' title='bbox 264 806 425 848; x_wconf 87' lang='lat' dir='ltr'>uluwen</span> <span class='ocrx_word' id='word_1_66' title='bbox 456 805 618 849; x_wconf 87' lang='lat' dir='ltr'>Ruther</span> <span class='ocrx_word' id='word_1_67' title='bbox 647 809 770 858; x_wconf 87' lang='lat'><strong>4262,</strong></span> <span class='ocrx_word' id='word_1_68' title='bbox 816 806 1077 850; x_wconf 89' lang='lat' dir='ltr'>Godofredus</span> <span class='ocrx_word' id='word_1_69' title='bbox 1115 809 1262 862; x_wconf 86' lang='lat' dir='ltr'>Hagen</span> <span class='ocrx_word' id='word_1_70' title='bbox 1304 810 1386 850; x_wconf 87' lang='grc'>920</span> <span class='ocrx_word' id='word_1_71' title='bbox 1427 807 1485 860; x_wconf 89' lang='lat' dir='ltr'>(in</span> <span class='ocrx_word' id='word_1_72' title='bbox 1522 806 1891 858; x_wconf 88' lang='lat' dir='ltr'>homoeoteleuto),</span> 
     </span>
     <span class='ocr_line' id='line_1_9' title="bbox 264 878 1891 935; baseline 0.002 -16"><span class='ocrx_word' id='word_1_73' title='bbox 264 878 443 921; x_wconf 86' lang='lat' dir='ltr'>Bartsch</span> <span class='ocrx_word' id='word_1_74' title='bbox 476 878 735 922; x_wconf 88' lang='lat' dir='ltr'>Karlmainet</span> <span class='ocrx_word' id='word_1_75' title='bbox 764 893 803 934; x_wconf 90' lang='lat' dir='ltr'>p.</span> <span class='ocrx_word' id='word_1_76' title='bbox 837 884 932 923; x_wconf 86' lang='lat'><strong>342.</strong></span> <span class='ocrx_word' id='word_1_77' title='bbox 964 884 1181 935; x_wconf 85' lang='lat' dir='ltr'>praeterea</span> <span class='ocrx_word' id='word_1_78' title='bbox 1206 893 1304 924; x_wconf 87' lang='lat' dir='ltr'>vero</span> <span class='ocrx_word' id='word_1_79' title='bbox 1325 880 1483 924; x_wconf 90' lang='lat' dir='ltr'>inveni:</span> <span class='ocrx_word' id='word_1_80' title='bbox 1515 880 1676 923; x_wconf 87' lang='lat' dir='ltr'>duwete</span> <span class='ocrx_word' id='word_1_81' title='bbox 1706 879 1891 923; x_wconf 87' lang='lat' dir='ltr'>Reineke</span> 
     </span>
     <span class='ocr_line' id='line_1_10' title="bbox 266 951 1891 1009; baseline 0.001 -16"><span class='ocrx_word' id='word_1_82' title='bbox 266 953 350 993; x_wconf 89' lang='lat' dir='ltr'>Vos</span> <span class='ocrx_word' id='word_1_83' title='bbox 383 954 505 1003; x_wconf 88' lang='grc'>3722,</span> <span class='ocrx_word' id='word_1_84' title='bbox 538 955 649 993; x_wconf 88' lang='grc'>6500</span> <span class='ocrx_word' id='word_1_85' title='bbox 672 953 734 995; x_wconf 92' lang='lat' dir='ltr'>ed.</span> <span class='ocrx_word' id='word_1_86' title='bbox 766 953 916 995; x_wconf 85' lang='lat' dir='ltr'>Hoffm.</span> <span class='ocrx_word' id='word_1_87' title='bbox 950 955 992 1002; x_wconf 78' lang='grc'>2)</span> <span class='ocrx_word' id='word_1_88' title='bbox 1015 953 1062 994; x_wconf 78' lang='grc' dir='ltr'>σΙι</span> <span class='ocrx_word' id='word_1_89' title='bbox 1082 967 1156 1008; x_wconf 90' lang='lat' dir='ltr'>pro</span> <span class='ocrx_word' id='word_1_90' title='bbox 1175 969 1203 1009; x_wconf 74' lang='lat'><em>9</em></span> <span class='ocrx_word' id='word_1_91' title='bbox 1232 955 1274 995; x_wconf 91' lang='lat' dir='ltr'>in</span> <span class='ocrx_word' id='word_1_92' title='bbox 1305 954 1441 997; x_wconf 88' lang='lat' dir='ltr'>media</span> <span class='ocrx_word' id='word_1_93' title='bbox 1471 966 1589 996; x_wconf 88' lang='lat' dir='ltr'>voce:</span> <span class='ocrx_word' id='word_1_94' title='bbox 1621 951 1693 995; x_wconf 88' lang='lat' dir='ltr'>cfr.</span> <span class='ocrx_word' id='word_1_95' title='bbox 1726 952 1891 994; x_wconf 87' lang='lat' dir='ltr'>Ruther</span> 
     </span>
     <span class='ocr_line' id='line_1_11' title="bbox 270 1024 1889 1080; baseline 0.001 -13"><span class='ocrx_word' id='word_1_96' title='bbox 270 1028 377 1068; x_wconf 90' lang='lat'><strong>1728</strong></span> <span class='ocrx_word' id='word_1_97' title='bbox 416 1024 565 1077; x_wconf 61' lang='lat' dir='ltr'>clache„</span> <span class='ocrx_word' id='word_1_98' title='bbox 610 1025 664 1080; x_wconf 91' lang='lat' dir='ltr'>gl.</span> <span class='ocrx_word' id='word_1_99' title='bbox 706 1025 917 1070; x_wconf 88' lang='lat' dir='ltr'>Wiesbad.</span> <span class='ocrx_word' id='word_1_100' title='bbox 957 1030 1038 1070; x_wconf 85' lang='grc'>248</span> <span class='ocrx_word' id='word_1_101' title='bbox 1085 1026 1196 1080; x_wconf 83' lang='lat' dir='ltr'>ocha,</span> <span class='ocrx_word' id='word_1_102' title='bbox 1245 1027 1318 1070; x_wconf 91' lang='lat' dir='ltr'>sed</span> <span class='ocrx_word' id='word_1_103' title='bbox 1364 1027 1487 1070; x_wconf 86' lang='lat' dir='ltr'>etiam</span> <span class='ocrx_word' id='word_1_104' title='bbox 1532 1026 1662 1080; x_wconf 73' lang='lat' dir='ltr'>grave</span> <span class='ocrx_word' id='word_1_105' title='bbox 1699 1025 1889 1075; x_wconf 85' lang='lat' dir='ltr'>Ruodolf,</span> 
     </span>
     <span class='ocr_line' id='line_1_12' title="bbox 265 1098 1891 1154; baseline 0.001 -14"><span class='ocrx_word' id='word_1_106' title='bbox 265 1098 376 1152; x_wconf 91' lang='lat' dir='ltr'>quod</span> <span class='ocrx_word' id='word_1_107' title='bbox 406 1110 572 1140; x_wconf 88' lang='lat' dir='ltr'>carmen</span> <span class='ocrx_word' id='word_1_108' title='bbox 604 1099 778 1140; x_wconf 79' lang='lat' dir='ltr'>Bartsch</span> <span class='ocrx_word' id='word_1_109' title='bbox 812 1099 971 1152; x_wconf 89' lang='lat' dir='ltr'>(Berth.</span> <span class='ocrx_word' id='word_1_110' title='bbox 1012 1100 1063 1142; x_wconf 88' lang='lat' dir='ltr'>de</span> <span class='ocrx_word' id='word_1_111' title='bbox 1092 1099 1212 1142; x_wconf 90' lang='lat' dir='ltr'>Holle</span> <span class='ocrx_word' id='word_1_112' title='bbox 1250 1113 1288 1154; x_wconf 90' lang='lat' dir='ltr'>p.</span> <span class='ocrx_word' id='word_1_113' title='bbox 1328 1100 1522 1153; x_wconf 89' lang='lat' dir='ltr'>XXXVI)</span> <span class='ocrx_word' id='word_1_114' title='bbox 1568 1099 1744 1142; x_wconf 87' lang='lat' dir='ltr'>dialecto</span> <span class='ocrx_word' id='word_1_115' title='bbox 1782 1099 1891 1142; x_wconf 92' lang='lat' dir='ltr'>Thu-</span> 
     </span>
     <span class='ocr_line' id='line_1_13' title="bbox 264 1172 1891 1226; baseline -0.001 -12"><span class='ocrx_word' id='word_1_116' title='bbox 264 1172 477 1225; x_wconf 89' lang='lat' dir='ltr'>ringorum</span> <span class='ocrx_word' id='word_1_117' title='bbox 499 1172 704 1222; x_wconf 81' lang='lat' dir='ltr'>attribuit,</span> <span class='ocrx_word' id='word_1_118' title='bbox 734 1186 773 1226; x_wconf 90' lang='lat' dir='ltr'>p.</span> <span class='ocrx_word' id='word_1_119' title='bbox 807 1172 850 1214; x_wconf 70' lang='lat'>3¹²</span> <span class='ocrx_word' id='word_1_120' title='bbox 874 1177 926 1216; x_wconf 87' lang='grc'>23</span> <span class='ocrx_word' id='word_1_121' title='bbox 947 1173 1159 1217; x_wconf 78' lang='lat' dir='ltr'>burebere.</span> <span class='ocrx_word' id='word_1_122' title='bbox 1186 1188 1260 1217; x_wconf 89' lang='lat' dir='ltr'>noc</span> <span class='ocrx_word' id='word_1_123' title='bbox 1281 1187 1361 1216; x_wconf 89' lang='lat' dir='ltr'>non</span> <span class='ocrx_word' id='word_1_124' title='bbox 1383 1174 1677 1216; x_wconf 88' lang='lat' dir='ltr'>vocabulorum</span> <span class='ocrx_word' id='word_1_125' title='bbox 1699 1172 1891 1223; x_wconf 87' lang='lat' dir='ltr'>duorum,</span> 
     </span>
     <span class='ocr_line' id='line_1_14' title="bbox 265 1245 1889 1302; baseline 0 -16"><span class='ocrx_word' id='word_1_126' title='bbox 265 1245 397 1299; x_wconf 85' lang='lat' dir='ltr'>magis</span> <span class='ocrx_word' id='word_1_127' title='bbox 442 1245 495 1287; x_wconf 88' lang='lat' dir='ltr'>ad</span> <span class='ocrx_word' id='word_1_128' title='bbox 542 1245 792 1288; x_wconf 86' lang='lat' dir='ltr'>Batavorum</span> <span class='ocrx_word' id='word_1_129' title='bbox 839 1258 1068 1290; x_wconf 91' lang='lat' dir='ltr'>sermonem</span> <span class='ocrx_word' id='word_1_130' title='bbox 1114 1247 1373 1302; x_wconf 84' lang='lat' dir='ltr'>vergentium</span> <span class='ocrx_word' id='word_1_131' title='bbox 1419 1246 1525 1290; x_wconf 89' lang='lat' dir='ltr'>ratio</span> <span class='ocrx_word' id='word_1_132' title='bbox 1579 1249 1644 1290; x_wconf 89' lang='lat' dir='ltr'>est</span> <span class='ocrx_word' id='word_1_133' title='bbox 1687 1245 1889 1290; x_wconf 87' lang='lat' dir='ltr'>habenda.</span> 
     </span>
     <span class='ocr_line' id='line_1_15' title="bbox 268 1319 1851 1377; baseline 0.005 -20"><span class='ocrx_word' id='word_1_134' title='bbox 268 1319 380 1370; x_wconf 90' lang='lat' dir='ltr'>(vide</span> <span class='ocrx_word' id='word_1_135' title='bbox 410 1330 518 1370; x_wconf 89' lang='lat' dir='ltr'>quae</span> <span class='ocrx_word' id='word_1_136' title='bbox 548 1320 744 1360; x_wconf 86' lang='lat' dir='ltr'>annotavi</span> <span class='ocrx_word' id='word_1_137' title='bbox 774 1320 828 1361; x_wconf 88' lang='lat' dir='ltr'>ad</span> <span class='ocrx_word' id='word_1_138' title='bbox 860 1323 911 1361; x_wconf 91' lang='grc'>66</span> <span class='ocrx_word' id='word_1_139' title='bbox 944 1324 986 1362; x_wconf 90' lang='lat' dir='ltr'>et</span> <span class='ocrx_word' id='word_1_140' title='bbox 1016 1321 1130 1373; x_wconf 84' lang='lat'><strong>285).</strong></span> <span class='ocrx_word' id='word_1_141' title='bbox 1849 1375 1851 1377; x_wconf 12' lang='lat' dir='ltr'><em>r</em></span> 
     </span>
    </p>

    <p class='ocr_par' dir='ltr' id='par_1_3' title="bbox 264 1390 1894 2832">
     <span class='ocr_line' id='line_1_16' title="bbox 380 1390 1892 1445; baseline 0.002 -13"><span class='ocrx_word' id='word_1_142' title='bbox 380 1390 528 1445; x_wconf 88' lang='lat' dir='ltr'>Itaque</span> <span class='ocrx_word' id='word_1_143' title='bbox 558 1394 781 1444; x_wconf 84' lang='lat' dir='ltr'>utrumque</span> <span class='ocrx_word' id='word_1_144' title='bbox 817 1395 1126 1436; x_wconf 88' lang='lat' dir='ltr'>monumentum</span> <span class='ocrx_word' id='word_1_145' title='bbox 1159 1393 1199 1435; x_wconf 93' lang='lat' dir='ltr'>in</span> <span class='ocrx_word' id='word_1_146' title='bbox 1231 1393 1305 1436; x_wconf 87' lang='lat' dir='ltr'>tali</span> <span class='ocrx_word' id='word_1_147' title='bbox 1337 1395 1473 1436; x_wconf 91' lang='lat' dir='ltr'>ortum</span> <span class='ocrx_word' id='word_1_148' title='bbox 1504 1404 1595 1436; x_wconf 88' lang='lat' dir='ltr'>esse</span> <span class='ocrx_word' id='word_1_149' title='bbox 1626 1392 1792 1435; x_wconf 88' lang='lat' dir='ltr'>videtur</span> <span class='ocrx_word' id='word_1_150' title='bbox 1829 1405 1892 1435; x_wconf 54' lang='lat' dir='ltr'>re⁶</span> 
     </span>
     <span class='ocr_line' id='line_1_17' title="bbox 266 1464 1891 1519; baseline 0 -13"><span class='ocrx_word' id='word_1_151' title='bbox 266 1466 401 1518; x_wconf 89' lang='lat' dir='ltr'>gione,</span> <span class='ocrx_word' id='word_1_152' title='bbox 430 1465 471 1506; x_wconf 91' lang='lat' dir='ltr'>in</span> <span class='ocrx_word' id='word_1_153' title='bbox 503 1477 586 1518; x_wconf 89' lang='lat' dir='ltr'>qua</span> <span class='ocrx_word' id='word_1_154' title='bbox 617 1468 659 1506; x_wconf 91' lang='lat' dir='ltr'>et</span> <span class='ocrx_word' id='word_1_155' title='bbox 688 1464 894 1507; x_wconf 85' lang='lat' dir='ltr'>inferioris</span> <span class='ocrx_word' id='word_1_156' title='bbox 925 1466 1057 1507; x_wconf 89' lang='lat' dir='ltr'>Rheni</span> <span class='ocrx_word' id='word_1_157' title='bbox 1096 1469 1138 1508; x_wconf 90' lang='lat' dir='ltr'>et</span> <span class='ocrx_word' id='word_1_158' title='bbox 1169 1466 1395 1508; x_wconf 87' lang='lat' dir='ltr'>Saxonicae</span> <span class='ocrx_word' id='word_1_159' title='bbox 1426 1466 1590 1508; x_wconf 86' lang='lat' dir='ltr'>dialecti</span> <span class='ocrx_word' id='word_1_160' title='bbox 1630 1465 1803 1519; x_wconf 88' lang='lat' dir='ltr'>vestigia</span> <span class='ocrx_word' id='word_1_161' title='bbox 1833 1466 1891 1507; x_wconf 91' lang='lat' dir='ltr'>in-</span> 
     </span>
     <span class='ocr_line' id='line_1_18' title="bbox 266 1539 1892 1594; baseline 0 -13"><span class='ocrx_word' id='word_1_162' title='bbox 266 1539 497 1582; x_wconf 90' lang='lat' dir='ltr'>veniantur.</span> <span class='ocrx_word' id='word_1_163' title='bbox 538 1539 660 1581; x_wconf 88' lang='lat' dir='ltr'>litera</span> <span class='ocrx_word' id='word_1_164' title='bbox 696 1552 794 1582; x_wconf 90' lang='lat' dir='ltr'>vero</span> <span class='ocrx_word' id='word_1_165' title='bbox 833 1555 854 1579; x_wconf 81' lang='lat' dir='ltr'><em>z</em></span> <span class='ocrx_word' id='word_1_166' title='bbox 893 1540 1096 1593; x_wconf 85' lang='lat' dir='ltr'>prohibet,</span> <span class='ocrx_word' id='word_1_167' title='bbox 1146 1541 1363 1594; x_wconf 87' lang='lat' dir='ltr'>quominus</span> <span class='ocrx_word' id='word_1_168' title='bbox 1403 1541 1523 1582; x_wconf 90' lang='lat' dir='ltr'>nimis</span> <span class='ocrx_word' id='word_1_169' title='bbox 1570 1539 1892 1592; x_wconf 89' lang='lat' dir='ltr'>septentrionem</span> 
     </span>
     <span class='ocr_line' id='line_1_19' title="bbox 267 1612 1893 1668; baseline 0 -13"><span class='ocrx_word' id='word_1_170' title='bbox 267 1624 412 1663; x_wconf 69' lang='lat' dir='ltr'>versus</span> <span class='ocrx_word' id='word_1_171' title='bbox 458 1612 676 1667; x_wconf 90' lang='lat' dir='ltr'>utriusque</span> <span class='ocrx_word' id='word_1_172' title='bbox 721 1613 921 1667; x_wconf 86' lang='lat' dir='ltr'>originem</span> <span class='ocrx_word' id='word_1_173' title='bbox 975 1613 1254 1667; x_wconf 85' lang='lat' dir='ltr'>quaerendam</span> <span class='ocrx_word' id='word_1_174' title='bbox 1306 1625 1396 1656; x_wconf 89' lang='lat' dir='ltr'>esse</span> <span class='ocrx_word' id='word_1_175' title='bbox 1453 1615 1708 1664; x_wconf 83' lang='lat' dir='ltr'>statuamus3</span> <span class='ocrx_word' id='word_1_176' title='bbox 1758 1625 1893 1668; x_wconf 88' lang='lat' dir='ltr'>neque</span> 
     </span>
     <span class='ocr_line' id='line_1_20' title="bbox 265 1686 1891 1739; baseline 0 -11"><span class='ocrx_word' id='word_1_177' title='bbox 265 1686 465 1729; x_wconf 86' lang='lat' dir='ltr'>orientem</span> <span class='ocrx_word' id='word_1_178' title='bbox 500 1698 643 1728; x_wconf 84' lang='lat' dir='ltr'>versus</span> <span class='ocrx_word' id='word_1_179' title='bbox 674 1687 875 1729; x_wconf 88' lang='lat' dir='ltr'>terminus</span> <span class='ocrx_word' id='word_1_180' title='bbox 907 1698 981 1729; x_wconf 90' lang='lat' dir='ltr'>nos</span> <span class='ocrx_word' id='word_1_181' title='bbox 1012 1686 1162 1739; x_wconf 85' lang='lat' dir='ltr'>deficit,</span> <span class='ocrx_word' id='word_1_182' title='bbox 1203 1699 1296 1729; x_wconf 89' lang='lat' dir='ltr'>cum</span> <span class='ocrx_word' id='word_1_183' title='bbox 1335 1686 1569 1729; x_wconf 84' lang='lat' dir='ltr'>Herbortus</span> <span class='ocrx_word' id='word_1_184' title='bbox 1608 1686 1891 1729; x_wconf 88' lang='lat' dir='ltr'>Fridislarien·</span> 
     </span>
     <span class='ocr_line' id='line_1_21' title="bbox 266 1759 1892 1815; baseline 0 -13"><span class='ocrx_word' id='word_1_185' title='bbox 266 1762 335 1813; x_wconf 89' lang='lat' dir='ltr'>sis,</span> <span class='ocrx_word' id='word_1_186' title='bbox 368 1764 569 1815; x_wconf 89' lang='lat' dir='ltr'>quantum</span> <span class='ocrx_word' id='word_1_187' title='bbox 600 1761 832 1813; x_wconf 82' lang='lat' dir='ltr'>observavi,</span> <span class='ocrx_word' id='word_1_188' title='bbox 865 1764 907 1803; x_wconf 91' lang='lat' dir='ltr'>et</span> <span class='ocrx_word' id='word_1_189' title='bbox 946 1761 1218 1804; x_wconf 87' lang='lat' dir='ltr'>coniunctura</span> <span class='ocrx_word' id='word_1_190' title='bbox 1255 1760 1298 1801; x_wconf 78' lang='lat' dir='ltr'>ht</span> <span class='ocrx_word' id='word_1_191' title='bbox 1328 1772 1403 1814; x_wconf 88' lang='lat' dir='ltr'>pro</span> <span class='ocrx_word' id='word_1_192' title='bbox 1433 1759 1484 1815; x_wconf 79' lang='lat' dir='ltr'>ft</span> <span class='ocrx_word' id='word_1_193' title='bbox 1514 1763 1669 1812; x_wconf 88' lang='lat' dir='ltr'>utatur,</span> <span class='ocrx_word' id='word_1_194' title='bbox 1709 1760 1749 1802; x_wconf 94' lang='lat' dir='ltr'>id</span> <span class='ocrx_word' id='word_1_195' title='bbox 1781 1759 1892 1814; x_wconf 90' lang='lat' dir='ltr'>quod</span> 
     </span>
     <span class='ocr_line' id='line_1_22' title="bbox 265 1833 1891 1887; baseline 0 -12"><span class='ocrx_word' id='word_1_196' title='bbox 265 1834 305 1875; x_wconf 87' lang='lat' dir='ltr'>in</span> <span class='ocrx_word' id='word_1_197' title='bbox 348 1834 497 1886; x_wconf 78' lang='lat' dir='ltr'>glossis</span> <span class='ocrx_word' id='word_1_198' title='bbox 547 1834 796 1887; x_wconf 90' lang='lat' dir='ltr'>Vergilianis</span> <span class='ocrx_word' id='word_1_199' title='bbox 841 1834 968 1876; x_wconf 89' lang='lat' dir='ltr'>semel</span> <span class='ocrx_word' id='word_1_200' title='bbox 1014 1846 1218 1876; x_wconf 89' lang='lat' dir='ltr'>summum</span> <span class='ocrx_word' id='word_1_201' title='bbox 1258 1835 1380 1886; x_wconf 80' lang='lat'><strong>(9333</strong></span> <span class='ocrx_word' id='word_1_202' title='bbox 1421 1833 1516 1875; x_wconf 90' lang='lat' dir='ltr'>vide</span> <span class='ocrx_word' id='word_1_203' title='bbox 1554 1845 1592 1886; x_wconf 91' lang='lat' dir='ltr'>p.</span> <span class='ocrx_word' id='word_1_204' title='bbox 1626 1833 1670 1881; x_wconf 85' lang='grc'>6)</span> <span class='ocrx_word' id='word_1_205' title='bbox 1700 1833 1891 1884; x_wconf 85' lang='lat' dir='ltr'>occurrit,</span> 
     </span>
     <span class='ocr_line' id='line_1_23' title="bbox 266 1905 1894 1962; baseline -0.001 -13"><span class='ocrx_word' id='word_1_206' title='bbox 266 1911 308 1949; x_wconf 90' lang='lat' dir='ltr'>et</span> <span class='ocrx_word' id='word_1_207' title='bbox 329 1921 366 1962; x_wconf 79' lang='lat' dir='ltr'>p</span> <span class='ocrx_word' id='word_1_208' title='bbox 396 1920 471 1960; x_wconf 87' lang='lat' dir='ltr'>pro</span> <span class='ocrx_word' id='word_1_209' title='bbox 502 1906 575 1962; x_wconf 77' lang='lat' dir='ltr'>ph,</span> <span class='ocrx_word' id='word_1_210' title='bbox 615 1907 693 1949; x_wconf 91' lang='lat' dir='ltr'>nisi</span> <span class='ocrx_word' id='word_1_211' title='bbox 731 1907 809 1951; x_wconf 93' lang='lat' dir='ltr'>hoc</span> <span class='ocrx_word' id='word_1_212' title='bbox 847 1907 1006 1951; x_wconf 89' lang='lat' dir='ltr'>scribae</span> <span class='ocrx_word' id='word_1_213' title='bbox 1046 1907 1310 1950; x_wconf 87' lang='lat' dir='ltr'>tribuendum</span> <span class='ocrx_word' id='word_1_214' title='bbox 1352 1910 1427 1956; x_wconf 87' lang='lat' dir='ltr'>est,</span> <span class='ocrx_word' id='word_1_215' title='bbox 1474 1906 1589 1949; x_wconf 89' lang='lat' dir='ltr'>vitet.</span> <span class='ocrx_word' id='word_1_216' title='bbox 1629 1905 1789 1959; x_wconf 87' lang='lat' dir='ltr'>reliqua</span> <span class='ocrx_word' id='word_1_217' title='bbox 1830 1909 1894 1949; x_wconf 89' lang='lat' dir='ltr'>est</span> 
     </span>
     <span class='ocr_line' id='line_1_24' title="bbox 266 1978 1894 2035; baseline -0.001 -14"><span class='ocrx_word' id='word_1_218' title='bbox 266 1980 395 2033; x_wconf 89' lang='lat' dir='ltr'>igitur</span> <span class='ocrx_word' id='word_1_219' title='bbox 425 1993 473 2022; x_wconf 89' lang='lat' dir='ltr'>ea</span> <span class='ocrx_word' id='word_1_220' title='bbox 505 1980 594 2022; x_wconf 88' lang='lat' dir='ltr'>sola</span> <span class='ocrx_word' id='word_1_221' title='bbox 624 1981 752 2035; x_wconf 81' lang='lat' dir='ltr'>regio,</span> <span class='ocrx_word' id='word_1_222' title='bbox 781 1993 888 2033; x_wconf 88' lang='lat' dir='ltr'>quae</span> <span class='ocrx_word' id='word_1_223' title='bbox 919 1981 960 2022; x_wconf 89' lang='lat' dir='ltr'>in</span> <span class='ocrx_word' id='word_1_224' title='bbox 992 1981 1138 2023; x_wconf 88' lang='lat' dir='ltr'>dextra</span> <span class='ocrx_word' id='word_1_225' title='bbox 1168 1981 1360 2034; x_wconf 88' lang='lat' dir='ltr'>Loganac</span> <span class='ocrx_word' id='word_1_226' title='bbox 1390 1978 1568 2021; x_wconf 90' lang='lat' dir='ltr'>fluminis</span> <span class='ocrx_word' id='word_1_227' title='bbox 1598 1980 1688 2033; x_wconf 89' lang='lat' dir='ltr'>ripa</span> <span class='ocrx_word' id='word_1_228' title='bbox 1718 1980 1798 2022; x_wconf 88' lang='lat' dir='ltr'>sita</span> <span class='ocrx_word' id='word_1_229' title='bbox 1836 1979 1894 2021; x_wconf 87' lang='lat' dir='ltr'>al-</span> 
     </span>
     <span class='ocr_line' id='line_1_25' title="bbox 266 2050 1893 2108; baseline -0.001 -12"><span class='ocrx_word' id='word_1_230' title='bbox 266 2058 396 2096; x_wconf 84' lang='lat' dir='ltr'>teram</span> <span class='ocrx_word' id='word_1_231' title='bbox 435 2053 693 2097; x_wconf 85' lang='lat' dir='ltr'>Nassouviae</span> <span class='ocrx_word' id='word_1_232' title='bbox 742 2054 926 2108; x_wconf 88' lang='lat' dir='ltr'>eiusque,</span> <span class='ocrx_word' id='word_1_233' title='bbox 965 2066 1071 2107; x_wconf 88' lang='lat' dir='ltr'>quae</span> <span class='ocrx_word' id='word_1_234' title='bbox 1110 2054 1233 2096; x_wconf 91' lang='lat' dir='ltr'>hodie</span> <span class='ocrx_word' id='word_1_235' title='bbox 1273 2056 1445 2096; x_wconf 90' lang='lat' dir='ltr'>vocatur</span> <span class='ocrx_word' id='word_1_236' title='bbox 1477 2050 1760 2096; x_wconf 79' lang='lat' dir='ltr'>‘Oberhessen’</span> <span class='ocrx_word' id='word_1_237' title='bbox 1800 2066 1893 2107; x_wconf 90' lang='lat' dir='ltr'>pro-</span> 
     </span>
     <span class='ocr_line' id='line_1_26' title="bbox 265 2125 1891 2181; baseline -0.002 -12"><span class='ocrx_word' id='word_1_238' title='bbox 265 2128 424 2169; x_wconf 76' lang='lat' dir='ltr'>vinciae</span> <span class='ocrx_word' id='word_1_239' title='bbox 454 2130 612 2180; x_wconf 89' lang='lat' dir='ltr'>partem</span> <span class='ocrx_word' id='word_1_240' title='bbox 646 2127 943 2181; x_wconf 89' lang='lat' dir='ltr'>complectitur.</span> <span class='ocrx_word' id='word_1_241' title='bbox 983 2127 1134 2169; x_wconf 91' lang='lat' dir='ltr'>ibidem</span> <span class='ocrx_word' id='word_1_242' title='bbox 1174 2131 1284 2169; x_wconf 91' lang='lat' dir='ltr'>recte</span> <span class='ocrx_word' id='word_1_243' title='bbox 1326 2125 1653 2169; x_wconf 89' lang='lat' dir='ltr'>Muellenhoffius</span> <span class='ocrx_word' id='word_1_244' title='bbox 1693 2125 1820 2179; x_wconf 90' lang='lat' dir='ltr'>(Mon.</span> <span class='ocrx_word' id='word_1_245' title='bbox 1852 2138 1891 2179; x_wconf 91' lang='lat' dir='ltr'>p.</span> 
     </span>
     <span class='ocr_line' id='line_1_27' title="bbox 265 2199 1893 2254; baseline -0.001 -12"><span class='ocrx_word' id='word_1_246' title='bbox 265 2201 381 2254; x_wconf 88' lang='lat' dir='ltr'>XVI)</span> <span class='ocrx_word' id='word_1_247' title='bbox 413 2201 574 2254; x_wconf 85' lang='lat' dir='ltr'>glossas</span> <span class='ocrx_word' id='word_1_248' title='bbox 603 2201 837 2243; x_wconf 87' lang='lat' dir='ltr'>Xantenses</span> <span class='ocrx_word' id='word_1_249' title='bbox 873 2200 1110 2251; x_wconf 81' lang='lat' dir='ltr'>collocavit3</span> <span class='ocrx_word' id='word_1_250' title='bbox 1150 2213 1225 2243; x_wconf 91' lang='lat' dir='ltr'>nec</span> <span class='ocrx_word' id='word_1_251' title='bbox 1262 2200 1437 2242; x_wconf 89' lang='lat' dir='ltr'>multum</span> <span class='ocrx_word' id='word_1_252' title='bbox 1474 2199 1570 2242; x_wconf 86' lang='lat' dir='ltr'>inde</span> <span class='ocrx_word' id='word_1_253' title='bbox 1608 2199 1753 2242; x_wconf 89' lang='lat' dir='ltr'>abesse</span> <span class='ocrx_word' id='word_1_254' title='bbox 1791 2202 1893 2252; x_wconf 89' lang='lat' dir='ltr'>puto</span> 
     </span>
     <span class='ocr_line' id='line_1_28' title="bbox 265 2273 1894 2328; baseline -0.001 -12"><span class='ocrx_word' id='word_1_255' title='bbox 265 2274 426 2328; x_wconf 88' lang='lat' dir='ltr'>glossas</span> <span class='ocrx_word' id='word_1_256' title='bbox 466 2273 507 2316; x_wconf 93' lang='lat' dir='ltr'>in</span> <span class='ocrx_word' id='word_1_257' title='bbox 546 2273 730 2316; x_wconf 88' lang='lat' dir='ltr'>Heinrici</span> <span class='ocrx_word' id='word_1_258' title='bbox 762 2274 1029 2316; x_wconf 87' lang='lat' dir='ltr'>summarium</span> <span class='ocrx_word' id='word_1_259' title='bbox 1061 2276 1202 2316; x_wconf 90' lang='lat' dir='ltr'>nostro</span> <span class='ocrx_word' id='word_1_260' title='bbox 1242 2273 1408 2326; x_wconf 88' lang='lat' dir='ltr'>quidem</span> <span class='ocrx_word' id='word_1_261' title='bbox 1448 2274 1714 2315; x_wconf 90' lang='lat' dir='ltr'>monumento</span> <span class='ocrx_word' id='word_1_262' title='bbox 1753 2283 1894 2315; x_wconf 89' lang='lat' dir='ltr'>recen·</span> 
     </span>
     <span class='ocr_line' id='line_1_29' title="bbox 266 2345 1892 2400; baseline -0.001 -11"><span class='ocrx_word' id='word_1_263' title='bbox 266 2348 408 2396; x_wconf 89' lang='lat' dir='ltr'>tiores,</span> <span class='ocrx_word' id='word_1_264' title='bbox 439 2347 578 2389; x_wconf 89' lang='lat' dir='ltr'>Germ.</span> <span class='ocrx_word' id='word_1_265' title='bbox 611 2347 683 2389; x_wconf 90' lang='lat' dir='ltr'>IX.</span> <span class='ocrx_word' id='word_1_266' title='bbox 724 2360 762 2400; x_wconf 89' lang='lat' dir='ltr'>p.</span> <span class='ocrx_word' id='word_1_267' title='bbox 799 2350 847 2388; x_wconf 89' lang='lat'>13</span> <span class='ocrx_word' id='word_1_268' title='bbox 886 2358 975 2399; x_wconf 87' lang='lat' dir='ltr'>sqq.</span> <span class='ocrx_word' id='word_1_269' title='bbox 1007 2347 1048 2388; x_wconf 94' lang='lat' dir='ltr'>in</span> <span class='ocrx_word' id='word_1_270' title='bbox 1081 2347 1231 2400; x_wconf 90' lang='lat' dir='ltr'>quibus</span> <span class='ocrx_word' id='word_1_271' title='bbox 1269 2346 1393 2388; x_wconf 89' lang='lat' dir='ltr'>semel</span> <span class='ocrx_word' id='word_1_272' title='bbox 1439 2353 1454 2386; x_wconf 77' lang='grc' dir='ltr'><em>ι</em></span> <span class='ocrx_word' id='word_1_273' title='bbox 1483 2358 1558 2399; x_wconf 86' lang='lat' dir='ltr'>pro</span> <span class='ocrx_word' id='word_1_274' title='bbox 1598 2361 1619 2386; x_wconf 84' lang='lat' dir='ltr'><strong><em>z</em></strong></span> <span class='ocrx_word' id='word_1_275' title='bbox 1650 2357 1729 2388; x_wconf 91' lang='lat' dir='ltr'>usu</span> <span class='ocrx_word' id='word_1_276' title='bbox 1760 2345 1892 2387; x_wconf 88' lang='lat' dir='ltr'>venit:</span> 
     </span>
     <span class='ocr_line' id='line_1_30' title="bbox 265 2419 1891 2475; baseline -0.003 -11"><span class='ocrx_word' id='word_1_277' title='bbox 265 2421 383 2464; x_wconf 81' lang='lat' dir='ltr'>katta</span> <span class='ocrx_word' id='word_1_278' title='bbox 418 2424 490 2470; x_wconf 90' lang='lat'>10;</span> <span class='ocrx_word' id='word_1_279' title='bbox 536 2422 713 2464; x_wconf 89' lang='lat' dir='ltr'>alterum</span> <span class='ocrx_word' id='word_1_280' title='bbox 754 2421 875 2471; x_wconf 91' lang='lat' dir='ltr'>enim,</span> <span class='ocrx_word' id='word_1_281' title='bbox 915 2422 1025 2475; x_wconf 91' lang='lat' dir='ltr'>quod</span> <span class='ocrx_word' id='word_1_282' title='bbox 1062 2422 1263 2474; x_wconf 87' lang='lat' dir='ltr'>Riegerus</span> <span class='ocrx_word' id='word_1_283' title='bbox 1308 2434 1346 2474; x_wconf 92' lang='lat' dir='ltr'>p.</span> <span class='ocrx_word' id='word_1_284' title='bbox 1392 2423 1441 2462; x_wconf 90' lang='lat'>17</span> <span class='ocrx_word' id='word_1_285' title='bbox 1481 2419 1602 2463; x_wconf 86' lang='lat' dir='ltr'>affert</span> <span class='ocrx_word' id='word_1_286' title='bbox 1640 2419 1891 2471; x_wconf 84' lang='lat' dir='ltr'>exemplum:</span> 
     </span>
     <span class='ocr_line' id='line_1_31' title="bbox 264 2492 1892 2547; baseline -0.001 -10"><span class='ocrx_word' id='word_1_287' title='bbox 264 2495 460 2547; x_wconf 85' lang='lat' dir='ltr'>holduua‚</span> <span class='ocrx_word' id='word_1_288' title='bbox 492 2508 574 2537; x_wconf 89' lang='lat' dir='ltr'>non</span> <span class='ocrx_word' id='word_1_289' title='bbox 606 2508 654 2537; x_wconf 89' lang='lat' dir='ltr'>ex</span> <span class='ocrx_word' id='word_1_290' title='bbox 684 2494 888 2537; x_wconf 89' lang='lat' dir='ltr'>holtduua</span> <span class='ocrx_word' id='word_1_291' title='bbox 918 2495 990 2537; x_wconf 90' lang='lat' dir='ltr'>sed</span> <span class='ocrx_word' id='word_1_292' title='bbox 1012 2507 1061 2537; x_wconf 86' lang='lat' dir='ltr'>ex</span> <span class='ocrx_word' id='word_1_293' title='bbox 1081 2494 1289 2537; x_wconf 89' lang='lat' dir='ltr'>holeduua</span> <span class='ocrx_word' id='word_1_294' title='bbox 1310 2497 1453 2536; x_wconf 88' lang='lat' dir='ltr'>natum</span> <span class='ocrx_word' id='word_1_295' title='bbox 1478 2496 1552 2535; x_wconf 89' lang='lat' dir='ltr'>est.</span> <span class='ocrx_word' id='word_1_296' title='bbox 1585 2504 1666 2546; x_wconf 90' lang='lat' dir='ltr'>qua</span> <span class='ocrx_word' id='word_1_297' title='bbox 1695 2505 1740 2535; x_wconf 89' lang='lat' dir='ltr'>re</span> <span class='ocrx_word' id='word_1_298' title='bbox 1771 2492 1892 2535; x_wconf 91' lang='lat' dir='ltr'>simul</span> 
     </span>
     <span class='ocr_line' id='line_1_32' title="bbox 264 2566 1893 2621; baseline -0.002 -10"><span class='ocrx_word' id='word_1_299' title='bbox 264 2568 527 2612; x_wconf 88' lang='lat' dir='ltr'>manifestum</span> <span class='ocrx_word' id='word_1_300' title='bbox 584 2568 646 2617; x_wconf 90' lang='lat' dir='ltr'>fit,</span> <span class='ocrx_word' id='word_1_301' title='bbox 695 2568 900 2621; x_wconf 91' lang='lat' dir='ltr'>quomodo</span> <span class='ocrx_word' id='word_1_302' title='bbox 946 2568 1039 2611; x_wconf 84' lang='lat' dir='ltr'>illae</span> <span class='ocrx_word' id='word_1_303' title='bbox 1084 2568 1125 2610; x_wconf 94' lang='lat' dir='ltr'>in</span> <span class='ocrx_word' id='word_1_304' title='bbox 1177 2568 1466 2611; x_wconf 88' lang='lat' dir='ltr'>bibliothecam</span> <span class='ocrx_word' id='word_1_305' title='bbox 1514 2566 1893 2610; x_wconf 85' lang='lat' dir='ltr'>Darmstadiensem</span> 
     </span>
     <span class='ocr_line' id='line_1_33' title="bbox 265 2640 1893 2695; baseline -0.001 -12"><span class='ocrx_word' id='word_1_306' title='bbox 265 2642 542 2695; x_wconf 89' lang='lat' dir='ltr'>pervenerint.</span> <span class='ocrx_word' id='word_1_307' title='bbox 593 2641 635 2683; x_wconf 91' lang='lat' dir='ltr'>id</span> <span class='ocrx_word' id='word_1_308' title='bbox 675 2652 772 2684; x_wconf 87' lang='lat' dir='ltr'>vero</span> <span class='ocrx_word' id='word_1_309' title='bbox 811 2641 950 2694; x_wconf 85' lang='lat' dir='ltr'>doleo,</span> <span class='ocrx_word' id='word_1_310' title='bbox 990 2644 1146 2684; x_wconf 89' lang='lat' dir='ltr'>certum</span> <span class='ocrx_word' id='word_1_311' title='bbox 1178 2641 1343 2695; x_wconf 89' lang='lat' dir='ltr'>aliquod</span> <span class='ocrx_word' id='word_1_312' title='bbox 1393 2640 1687 2684; x_wconf 86' lang='lat' dir='ltr'>monasterium</span> <span class='ocrx_word' id='word_1_313' title='bbox 1725 2652 1790 2682; x_wconf 88' lang='lat' dir='ltr'>me</span> <span class='ocrx_word' id='word_1_314' title='bbox 1834 2640 1893 2681; x_wconf 92' lang='lat' dir='ltr'>in-</span> 
     </span>
     <span class='ocr_line' id='line_1_34' title="bbox 265 2715 1894 2770; baseline -0.001 -12"><span class='ocrx_word' id='word_1_315' title='bbox 265 2716 402 2759; x_wconf 88' lang='lat' dir='ltr'>dicare</span> <span class='ocrx_word' id='word_1_316' title='bbox 434 2729 514 2758; x_wconf 91' lang='lat' dir='ltr'>non</span> <span class='ocrx_word' id='word_1_317' title='bbox 546 2728 668 2770; x_wconf 90' lang='lat' dir='ltr'>posse</span> <span class='ocrx_word' id='word_1_318' title='bbox 699 2716 739 2758; x_wconf 92' lang='lat' dir='ltr'>in</span> <span class='ocrx_word' id='word_1_319' title='bbox 782 2727 863 2769; x_wconf 88' lang='lat' dir='ltr'>quo</span> <span class='ocrx_word' id='word_1_320' title='bbox 894 2716 1149 2759; x_wconf 88' lang='lat' dir='ltr'>Parisienses</span> <span class='ocrx_word' id='word_1_321' title='bbox 1177 2716 1338 2770; x_wconf 87' lang='lat' dir='ltr'>glossas</span> <span class='ocrx_word' id='word_1_322' title='bbox 1370 2716 1624 2770; x_wconf 90' lang='lat' dir='ltr'>conscriptas</span> <span class='ocrx_word' id='word_1_323' title='bbox 1662 2726 1753 2757; x_wconf 83' lang='lat' dir='ltr'>esse</span> <span class='ocrx_word' id='word_1_324' title='bbox 1790 2715 1894 2757; x_wconf 90' lang='lat' dir='ltr'>veri-</span> 
     </span>
     <span class='ocr_line' id='line_1_35' title="bbox 265 2789 493 2832; baseline 0 -1"><span class='ocrx_word' id='word_1_325' title='bbox 265 2789 397 2832; x_wconf 90' lang='lat' dir='ltr'>simile</span> <span class='ocrx_word' id='word_1_326' title='bbox 427 2789 493 2832; x_wconf 87' lang='lat' dir='ltr'>sit.</span> 
     </span>
    </p>
   </div>
  </div>
 </body>
</html>
