2225 3385
268 261 321 300 20

383 381 429 421 Β
460 384 502 424 et
532 382 574 423 in
610 380 745 435 prima
785 384 828 424 et
864 380 908 422 in
937 371 1073 422 media
1111 389 1211 420 voce
1251 378 1452 422 collocata
1486 378 1596 421 idem
1635 378 1746 421 valet
1784 376 1895 430 quod

269 468 366 498 vere
395 454 608 497 theodisca
636 467 692 508 p,
738 454 849 508 quod
876 453 1007 495 latina
1040 467 1072 507 p
1112 453 1154 495 in
1200 452 1410 495 bireboum
1448 451 1634 494 LXXIX.
1675 451 1716 494 in
1761 451 1897 494 media

273 541 372 571 voce
403 540 526 581 saepe
558 542 585 567 u
615 540 690 581 pro
724 527 746 567 b
776 527 962 570 adhibita
992 529 1067 578 est,
1099 526 1225 568 semel
1254 540 1309 567 w:
1341 526 1514 568 curauiz
1546 525 1675 569 LVII.

384 600 484 643 Fin
505 601 622 644 initio
654 604 696 644 et
717 601 851 643 medio
872 598 1167 643 vocabulorum
1198 611 1293 642 vere
1324 599 1538 642 theodisca
1569 603 1633 642 est
1652 597 1693 655 f
1706 612 1781 654 pro
1813 611 1895 653 qua

269 675 406 730 posita
437 679 501 717 est
520 673 585 729 ph
617 674 693 717 hoe
722 675 829 718 loeo:
861 673 1008 730 gripho
1039 673 1196 723 XLIII,
1234 674 1275 716 in
1307 686 1404 717 voce
1434 672 1559 728 aphin
1589 674 1812 727 respondet
1832 673 1896 728 ph

268 761 366 792 vere
396 748 634 791 theodiscae
652 747 711 803 ff.
744 748 784 790 in
815 747 895 792 fine
916 747 978 803 ph
1010 747 1118 790 idem
1149 746 1228 790 sibi
1259 747 1348 789 vult
1377 747 1487 800 quod
1508 745 1562 801 f:
1594 746 1715 802 griplz
1747 746 1852 790 CVI.

408 821 459 871 P,
490 821 532 864 in
563 821 681 865 initio
727 821 860 875 obvia,
907 825 971 865 est
1015 834 1110 864 vere
1157 821 1371 864 theodisca
1403 820 1444 876 s
1481 821 1546 864 vel
1585 836 1607 861 υ
1645 821 1685 864 in
1718 820 1897 875 pifultra

269 894 509 947 XXXVIII,
549 895 697 938 ceteris
735 894 836 937 locis
873 895 1004 937 latina
1026 910 1082 949 p,
1122 895 1162 936 in
1203 894 1336 936 medio
1375 897 1439 936 est
1479 907 1574 936 vere
1605 894 1815 937 theodisca
1835 893 1905 948 pf

268 968 310 1010 in
342 967 530 1022 wideopa
567 967 640 1019 XI,
680 967 752 1010 lat.
776 983 812 1022 p
850 968 891 1010 in
932 967 1076 1023 papilu
1118 967 1187 1019 LI,
1219 967 1290 1009 lat.
1333 966 1355 1007 b
1392 968 1433 1009 in
1477 967 1716 1023 lupistekila
1748 971 1817 1017 583
1855 968 1896 1010 in

273 1040 355 1084 fine
386 1045 450 1084 est
470 1054 566 1083 vere
596 1041 811 1084 theodisca
834 1057 867 1096 p
905 1043 948 1083 iu
978 1042 1186 1096 rephount
1214 1041 1363 1093 XLVI,
1385 1039 1426 1095 f
1457 1042 1499 1082 in
1537 1041 1734 1097 mulwerp
1772 1041 1895 1084 CXV.

273 1115 521 1157 coniuntura
547 1129 608 1170 pp
639 1115 864 1168 respondet
899 1117 937 1168 1)
979 1128 1076 1158 vere
1107 1116 1344 1157 theodiscae
1366 1113 1446 1170 pf:
1478 1127 1637 1169 sneppa
1667 1115 1822 1157 XVIII.
1855 1116 1897 1168 2)

271 1188 425 1230 latinae
446 1202 504 1242 p:
545 1200 678 1242 cappo
720 1188 939 1241 XXXVII,
979 1191 1196 1241 praeterea
1226 1188 1347 1230 obvia
1377 1191 1440 1229 est
1470 1188 1510 1229 in
1541 1200 1674 1243 cappa
1703 1186 1896 1230 XLVIII.

387 1333 425 1374 G
456 1337 499 1375 et
528 1334 569 1375 in
603 1334 719 1376 initio
751 1337 793 1376 et
823 1329 874 1375 in‘
896 1334 1031 1376 medio
1062 1333 1171 1375 idem
1203 1334 1310 1376 valet
1339 1334 1449 1386 quod
1480 1346 1576 1376 vere
1608 1334 1819 1376 theodisca
1849 1334 1896 1382 lc,

270 1407 381 1460 quod
415 1406 439 1446 h
470 1407 531 1448 in:
564 1407 667 1461 wiqo
698 1407 853 1449 XXIII.

382 1479 433 1519 K
455 1483 497 1522 et
526 1480 567 1521 in
597 1480 798 1533 principio
820 1484 863 1522 et
893 1480 936 1521 in
961 1479 1100 1521 media
1131 1492 1229 1522 voce
1250 1484 1449 1533 usurpata
1481 1483 1544 1521 est
1564 1493 1639 1532 pro
1661 1492 1755 1522 vere
1786 1480 1897 1523 theo-

269 1553 383 1595 disca
415 1551 473 1605 ck,
506 1565 580 1607 pro
612 1568 636 1608 q
666 1553 707 1595 in
739 1565 868 1608 cappa
906 1553 1099 1607 XLVIII,
1141 1552 1285 1596 conala
1321 1552 1434 1596 LIII.
1476 1553 1518 1596 in
1556 1551 1636 1596 fine
1675 1552 1900 1607 respondet

269 1639 366 1677 vere
398 1628 636 1669 theodiscae
682 1628 890 1678 aspiratae
929 1629 990 1668 in:
1027 1628 1110 1678 golc
1152 1628 1222 1679 VI,
1262 1627 1378 1668 strolc
1422 1628 1542 1678 XIII,
1577 1626 1717 1667 hauolc
1747 1627 1898 1677 XXVI,

269 1698 407 1740 hruolc
436 1698 585 1751 XLIX,
632 1698 702 1741 lok
732 1699 856 1752 LXV,
904 1712 999 1742 vere
1045 1699 1281 1742 theodiscae
1321 1714 1341 1739 c
1379 1700 1470 1753 (pro
1507 1698 1592 1753 eelz)
1632 1699 1673 1741 in
1710 1699 1899 1743 steinbuc

269 1771 400 1824 XXX,
432 1772 512 1814 bue
543 1771 622 1823 CI,
654 1772 833 1825 denique
863 1772 985 1815 adest
1014 1773 1054 1814 in
1086 1774 1165 1815 huc
1194 1773 1306 1814 XIX.

389 1843 471 1885 CH
495 1846 536 1887 in
567 1845 704 1888 media
735 1858 832 1889 voce
864 1858 943 1888 usu
966 1847 1077 1889 venit
1111 1848 1149 1899 1)
1181 1847 1233 1889 ad
1255 1846 1563 1898 exprimendam
1593 1858 1688 1888 vere
1718 1846 1897 1888 theodis-

269 1930 361 1961 cam
392 1917 459 1960 ch:
493 1917 671 1962 duchere
702 1919 823 1971 XVI,
863 1922 904 1974 2)
936 1934 1011 1974 pro
1048 1920 1185 1963 theod.
1227 1920 1272 1960 lc:
1312 1919 1609 1968 rechenbocho,
1649 1922 1690 1973 3)
1721 1921 1762 1960 in
1794 1921 1897 1961 voci-

269 1992 346 2035 bus
377 1991 551 2035 huchela
587 1993 677 2045 XX,
719 1992 958 2036 duckestein
991 1992 1114 2035 CXX.
1161 1994 1201 2035 in
1243 1992 1323 2035 fine
1363 1993 1417 2035 ad
1457 1992 1766 2047 significandam
1802 2006 1898 2036 vere

270 2065 527 2109 theodiscam
563 2067 751 2109 adhibita
782 2071 846 2110 est
876 2068 1120 2120 aspiratam:
1156 2067 1242 2109 eich
1272 2067 1419 2119 LXIX,
1450 2066 1544 2109 rech
1573 2067 1720 2108 XCIX.

384 2138 439 2179 H
463 2141 501 2193 l)
533 2140 643 2182 idem
689 2140 801 2182 valet
836 2141 945 2194 quod
986 2153 1081 2183 vere
1122 2141 1334 2184 theodisca
1373 2139 1420 2189 h,
1460 2143 1557 2183 ante
1586 2156 1609 2180 r
1640 2141 1703 2183 b1s
1735 2143 1899 2183 servata

271 2217 356 2254 est:
392 2212 553 2255 urhrint
582 2214 759 2255 XXXIV
792 2214 867 2265 (sic
906 2214 1126 2266 legendum
1165 2216 1259 2266 est),
1298 2213 1431 2255 hruok
1459 2214 1607 2266 XLIX,
1644 2213 1807 2255 abiecta
1836 2225 1899 2255 se-

272 2285 372 2328 mel:
420 2290 584 2329 nattam
624 2287 758 2328 XXII.
806 2288 848 2340 2)
890 2287 931 2328 in
972 2287 1139 2330 exordio
1184 2287 1328 2329 addita
1365 2291 1429 2329 est
1472 2287 1533 2329 in:
1581 2286 1659 2329 huc
1691 2286 1745 2342 (Ρ)
1785 2287 1896 2339 XIX,

272 2358 447 2402 huchela
469 2360 521 2413 (22)
545 2360 636 2411 XX,
667 2359 796 2414 haspa
824 2360 1057 2402 LXXXIII.
1090 2360 1239 2403 deinde
1261 2359 1287 2400 Ιι
1308 2360 1467 2403 deiecta
1499 2364 1562 2402 est
1593 2365 1689 2403 ante
1720 2360 1900 2403 vocalem

271 2433 314 2475 in
344 2433 462 2476 initio
494 2433 558 2475 in:
591 2434 777 2488 widcopa
807 2434 881 2487 XI,
913 2435 953 2476 in
984 2434 1120 2477 media
1159 2446 1257 2476 voce
1296 2435 1355 2475 in:
1396 2446 1496 2476 aorn
1528 2433 1718 2482 LXXIV;
1756 2439 1853 2478 ante
1886 2443 1900 2475 ι

270 2507 332 2547 in:
365 2507 535 2559 natgala
565 2507 654 2558 XV,
685 2512 847 2549 natram
879 2507 1022 2559 XXII,
1065 2507 1215 2549 watala
1251 2507 1434 2559 XXXII,
1480 2510 1575 2549 ante
1608 2506 1633 2559 l,
1664 2507 1723 2550 ita
1754 2512 1800 2550 ut
1830 2521 1899 2551 vo-

270 2580 370 2622 calis
392 2581 641 2623 antecedens
664 2581 807 2624 eodem
828 2584 1014 2634 tempore
1031 2582 1345 2634 opprimeretur,
1368 2581 1428 2623 in:
1451 2580 1560 2622 scelo
1582 2580 1690 2629 CIII,
1712 2580 1774 2623 elo
1792 2580 1898 2623 CIV.

385 2653 669 2698 Coniunctura
698 2669 744 2696 cc
774 2655 954 2698 occurrit
983 2655 1108 2698 semel
1141 2655 1181 2698 in
1206 2668 1348 2698 mucca
1379 2655 1439 2697 ita
1463 2659 1510 2697 ut
1539 2667 1636 2697 vere
1666 2654 1901 2698 theodiscae

274 2742 319 2767 cc
347 2729 609 2780 respondeat.

395 2874 449 2914 W
473 2875 574 2917 elisa
606 2878 669 2917 est
707 2875 747 2916 in
789 2884 887 2917 voce
927 2887 980 2928 po
1028 2875 1116 2928 (cfr.
1157 2874 1212 2930 gl.
1254 2875 1351 2918 Jun.
1393 2876 1441 2917 D.
1484 2878 1583 2918 267:
1622 2877 1722 2930 pau)
1760 2875 1898 2931 XVII,
