<?xml version="1.0" encoding="UTF-8"?>
<!DOCTYPE html PUBLIC "-//W3C//DTD XHTML 1.0 Transitional//EN"
    "http://www.w3.org/TR/xhtml1/DTD/xhtml1-transitional.dtd">
<html xmlns="http://www.w3.org/1999/xhtml" xml:lang="en" lang="en">
 <head>
  <title>
</title>
<meta http-equiv="Content-Type" content="text/html;charset=utf-8" />
  <meta name='ocr-system' content='tesseract 3.04.00' />
  <meta name='ocr-capabilities' content='ocr_page ocr_carea ocr_par ocr_line ocrx_word'/>
</head>
<body>
  <div class='ocr_page' id='page_1' title='image "4738070_0034.png"; bbox 0 0 2225 3385; ppageno 0'>
   <div class='ocr_carea' id='block_1_1' title="bbox 263 267 315 307">
    <p class='ocr_par' dir='ltr' id='par_1_1' title="bbox 263 267 315 307">
     <span class='ocr_line' id='line_1_1' title="bbox 263 267 315 307; baseline 0.019 -1"><span class='ocrx_word' id='word_1_1' title='bbox 263 267 315 307; x_wconf 89' lang='lat'>22</span> 
     </span>
    </p>
   </div>
   <div class='ocr_carea' id='block_1_2' title="bbox 264 383 1908 2931">
    <p class='ocr_par' dir='ltr' id='par_1_2' title="bbox 264 383 1893 659">
     <span class='ocr_line' id='line_1_2' title="bbox 265 383 1890 441; baseline 0 -13"><span class='ocrx_word' id='word_1_2' title='bbox 265 395 278 427; x_wconf 79' lang='grc' dir='ltr'><em>ι</em></span> <span class='ocrx_word' id='word_1_3' title='bbox 309 388 387 429; x_wconf 90' lang='lat' dir='ltr'>nisi</span> <span class='ocrx_word' id='word_1_4' title='bbox 419 388 459 429; x_wconf 90' lang='lat' dir='ltr'>in</span> <span class='ocrx_word' id='word_1_5' title='bbox 500 399 599 430; x_wconf 89' lang='lat' dir='ltr'>voce</span> <span class='ocrx_word' id='word_1_6' title='bbox 624 383 738 428; x_wconf 75' lang='lat' dir='ltr'>‘that&#39;</span> <span class='ocrx_word' id='word_1_7' title='bbox 770 399 850 429; x_wconf 91' lang='lat' dir='ltr'>non</span> <span class='ocrx_word' id='word_1_8' title='bbox 882 390 1056 441; x_wconf 85' lang='lat' dir='ltr'>apparet</span> <span class='ocrx_word' id='word_1_9' title='bbox 1086 386 1196 440; x_wconf 90' lang='lat' dir='ltr'>(vide</span> <span class='ocrx_word' id='word_1_10' title='bbox 1228 386 1519 430; x_wconf 88' lang='lat' dir='ltr'>Muellenhoffii</span> <span class='ocrx_word' id='word_1_11' title='bbox 1550 386 1660 430; x_wconf 89' lang='lat' dir='ltr'>Mon.</span> <span class='ocrx_word' id='word_1_12' title='bbox 1691 399 1730 440; x_wconf 87' lang='lat' dir='ltr'>p.</span> <span class='ocrx_word' id='word_1_13' title='bbox 1761 386 1890 440; x_wconf 83' lang='lat' dir='ltr'>XVI).</span> 
     </span>
     <span class='ocr_line' id='line_1_3' title="bbox 264 459 1893 516; baseline -0.001 -13"><span class='ocrx_word' id='word_1_14' title='bbox 264 462 345 503; x_wconf 89' lang='lat' dir='ltr'>alia</span> <span class='ocrx_word' id='word_1_15' title='bbox 375 461 503 514; x_wconf 88' lang='lat' dir='ltr'>igitur</span> <span class='ocrx_word' id='word_1_16' title='bbox 532 459 736 502; x_wconf 89' lang='lat' dir='ltr'>inferioris</span> <span class='ocrx_word' id='word_1_17' title='bbox 758 460 956 502; x_wconf 87' lang='lat' dir='ltr'>Franciae</span> <span class='ocrx_word' id='word_1_18' title='bbox 978 460 1091 511; x_wconf 89' lang='lat' dir='ltr'>regio</span> <span class='ocrx_word' id='word_1_19' title='bbox 1122 461 1240 502; x_wconf 87' lang='lat' dir='ltr'>nobis</span> <span class='ocrx_word' id='word_1_20' title='bbox 1270 460 1508 512; x_wconf 85' lang='lat' dir='ltr'>quaerenda</span> <span class='ocrx_word' id='word_1_21' title='bbox 1539 463 1614 512; x_wconf 90' lang='lat' dir='ltr'>est,</span> <span class='ocrx_word' id='word_1_22' title='bbox 1654 471 1746 503; x_wconf 88' lang='lat' dir='ltr'>cum</span> <span class='ocrx_word' id='word_1_23' title='bbox 1774 470 1893 516; x_wconf 86' lang='lat' dir='ltr'>prae·</span> 
     </span>
     <span class='ocr_line' id='line_1_4' title="bbox 266 531 1892 586; baseline -0.002 -9"><span class='ocrx_word' id='word_1_24' title='bbox 266 537 331 577; x_wconf 86' lang='lat' dir='ltr'>ter</span> <span class='ocrx_word' id='word_1_25' title='bbox 361 534 676 577; x_wconf 90' lang='lat' dir='ltr'>consonantium</span> <span class='ocrx_word' id='word_1_26' title='bbox 707 533 833 576; x_wconf 89' lang='lat' dir='ltr'>etiam</span> <span class='ocrx_word' id='word_1_27' title='bbox 864 531 1066 575; x_wconf 84' lang='lat' dir='ltr'>vocalium</span> <span class='ocrx_word' id='word_1_28' title='bbox 1096 533 1280 575; x_wconf 87' lang='lat' dir='ltr'>rationes</span> <span class='ocrx_word' id='word_1_29' title='bbox 1319 532 1457 586; x_wconf 87' lang='lat' dir='ltr'>talem,</span> <span class='ocrx_word' id='word_1_30' title='bbox 1496 533 1568 586; x_wconf 91' lang='lat' dir='ltr'>qui</span> <span class='ocrx_word' id='word_1_31' title='bbox 1605 533 1657 576; x_wconf 91' lang='lat' dir='ltr'>ab</span> <span class='ocrx_word' id='word_1_32' title='bbox 1698 532 1892 576; x_wconf 86' lang='lat' dir='ltr'>inferiore</span> 
     </span>
     <span class='ocr_line' id='line_1_5' title="bbox 265 605 1321 659; baseline -0.001 -11"><span class='ocrx_word' id='word_1_33' title='bbox 265 605 489 648; x_wconf 81' lang='lat' dir='ltr'>Germania</span> <span class='ocrx_word' id='word_1_34' title='bbox 518 606 631 648; x_wconf 89' lang='lat' dir='ltr'>haud</span> <span class='ocrx_word' id='word_1_35' title='bbox 661 606 782 659; x_wconf 90' lang='lat' dir='ltr'>longe</span> <span class='ocrx_word' id='word_1_36' title='bbox 813 605 934 657; x_wconf 85' lang='lat' dir='ltr'>absit,</span> <span class='ocrx_word' id='word_1_37' title='bbox 964 605 1097 647; x_wconf 94' lang='lat' dir='ltr'>locum</span> <span class='ocrx_word' id='word_1_38' title='bbox 1127 605 1321 647; x_wconf 88' lang='lat' dir='ltr'>indicent.</span> 
     </span>
    </p>

    <p class='ocr_par' dir='ltr' id='par_1_3' title="bbox 266 678 1904 2196">
     <span class='ocr_line' id='line_1_6' title="bbox 379 678 1895 733; baseline 0.001 -12"><span class='ocrx_word' id='word_1_39' title='bbox 379 681 446 731; x_wconf 90' lang='lat' dir='ltr'>At,</span> <span class='ocrx_word' id='word_1_40' title='bbox 478 679 629 722; x_wconf 85' lang='lat' dir='ltr'>dixerit</span> <span class='ocrx_word' id='word_1_41' title='bbox 658 679 820 731; x_wconf 86' lang='lat' dir='ltr'>aliquis,</span> <span class='ocrx_word' id='word_1_42' title='bbox 851 689 957 731; x_wconf 86' lang='lat' dir='ltr'>quae</span> <span class='ocrx_word' id='word_1_43' title='bbox 989 690 1081 720; x_wconf 92' lang='lat' dir='ltr'>cum</span> <span class='ocrx_word' id='word_1_44' title='bbox 1112 678 1171 721; x_wconf 91' lang='lat' dir='ltr'>ita</span> <span class='ocrx_word' id='word_1_45' title='bbox 1201 678 1295 730; x_wconf 87' lang='lat' dir='ltr'>siut,</span> <span class='ocrx_word' id='word_1_46' title='bbox 1325 682 1440 733; x_wconf 88' lang='lat' dir='ltr'>puto,</span> <span class='ocrx_word' id='word_1_47' title='bbox 1480 679 1640 732; x_wconf 85' lang='lat' dir='ltr'>glossas</span> <span class='ocrx_word' id='word_1_48' title='bbox 1671 692 1720 722; x_wconf 89' lang='lat' dir='ltr'>ex</span> <span class='ocrx_word' id='word_1_49' title='bbox 1751 679 1895 723; x_wconf 90' lang='lat' dir='ltr'>codice</span> 
     </span>
     <span class='ocr_line' id='line_1_7' title="bbox 266 750 1894 805; baseline 0 -11"><span class='ocrx_word' id='word_1_50' title='bbox 266 753 405 804; x_wconf 87' lang='lat' dir='ltr'>aliquo</span> <span class='ocrx_word' id='word_1_51' title='bbox 434 752 638 794; x_wconf 87' lang='lat' dir='ltr'>inferioris</span> <span class='ocrx_word' id='word_1_52' title='bbox 670 751 918 793; x_wconf 82' lang='lat' dir='ltr'>Germaniae</span> <span class='ocrx_word' id='word_1_53' title='bbox 949 763 1039 792; x_wconf 88' lang='lat' dir='ltr'>esse</span> <span class='ocrx_word' id='word_1_54' title='bbox 1071 750 1300 802; x_wconf 87' lang='lat' dir='ltr'>descriptas</span> <span class='ocrx_word' id='word_1_55' title='bbox 1337 755 1380 793; x_wconf 92' lang='lat' dir='ltr'>et</span> <span class='ocrx_word' id='word_1_56' title='bbox 1416 752 1525 793; x_wconf 91' lang='lat' dir='ltr'>illius</span> <span class='ocrx_word' id='word_1_57' title='bbox 1566 751 1731 794; x_wconf 86' lang='lat' dir='ltr'>dialecti</span> <span class='ocrx_word' id='word_1_58' title='bbox 1776 752 1894 805; x_wconf 90' lang='lat' dir='ltr'>quasi</span> 
     </span>
     <span class='ocr_line' id='line_1_8' title="bbox 275 823 1896 879; baseline -0.001 -12"><span class='ocrx_word' id='word_1_59' title='bbox 275 825 471 879; x_wconf 85' lang='lat' dir='ltr'>reliquias</span> <span class='ocrx_word' id='word_1_60' title='bbox 492 824 776 876; x_wconf 86' lang='lat' dir='ltr'>frustulasque</span> <span class='ocrx_word' id='word_1_61' title='bbox 796 823 1008 866; x_wconf 87' lang='lat' dir='ltr'>habendas</span> <span class='ocrx_word' id='word_1_62' title='bbox 1032 831 1046 864; x_wconf 75' lang='lat' dir='ltr'>t</span> <span class='ocrx_word' id='word_1_63' title='bbox 1074 835 1149 877; x_wconf 92' lang='lat' dir='ltr'>pro</span> <span class='ocrx_word' id='word_1_64' title='bbox 1181 838 1202 863; x_wconf 82' lang='lat' dir='ltr'><em>z</em></span> <span class='ocrx_word' id='word_1_65' title='bbox 1232 823 1458 867; x_wconf 87' lang='lat' dir='ltr'>adhibitam</span> <span class='ocrx_word' id='word_1_66' title='bbox 1491 824 1734 877; x_wconf 87' lang='lat' dir='ltr'>vocalesque</span> <span class='ocrx_word' id='word_1_67' title='bbox 1766 826 1896 878; x_wconf 87' lang='lat' dir='ltr'>magis</span> 
     </span>
     <span class='ocr_line' id='line_1_9' title="bbox 269 895 1894 950; baseline 0.001 -11"><span class='ocrx_word' id='word_1_68' title='bbox 269 910 294 938; x_wconf 88' lang='lat' dir='ltr'>a</span> <span class='ocrx_word' id='word_1_69' title='bbox 325 898 550 950; x_wconf 89' lang='lat' dir='ltr'>superioris</span> <span class='ocrx_word' id='word_1_70' title='bbox 581 896 830 938; x_wconf 86' lang='lat' dir='ltr'>Germaniae</span> <span class='ocrx_word' id='word_1_71' title='bbox 869 896 1022 938; x_wconf 88' lang='lat' dir='ltr'>normis</span> <span class='ocrx_word' id='word_1_72' title='bbox 1062 895 1327 938; x_wconf 85' lang='lat' dir='ltr'>declinantes.</span> <span class='ocrx_word' id='word_1_73' title='bbox 1370 909 1446 950; x_wconf 89' lang='lat' dir='ltr'>ego</span> <span class='ocrx_word' id='word_1_74' title='bbox 1485 909 1582 939; x_wconf 90' lang='lat' dir='ltr'>vero</span> <span class='ocrx_word' id='word_1_75' title='bbox 1621 897 1805 940; x_wconf 86' lang='lat' dir='ltr'>sustineo</span> <span class='ocrx_word' id='word_1_76' title='bbox 1836 897 1894 940; x_wconf 91' lang='lat' dir='ltr'>di-</span> 
     </span>
     <span class='ocr_line' id='line_1_10' title="bbox 279 967 1894 1023; baseline 0 -10"><span class='ocrx_word' id='word_1_77' title='bbox 279 983 384 1023; x_wconf 87' lang='lat' dir='ltr'>cere,</span> <span class='ocrx_word' id='word_1_78' title='bbox 415 983 496 1013; x_wconf 90' lang='lat' dir='ltr'>non</span> <span class='ocrx_word' id='word_1_79' title='bbox 528 983 578 1012; x_wconf 87' lang='lat' dir='ltr'>ex</span> <span class='ocrx_word' id='word_1_80' title='bbox 604 967 811 1011; x_wconf 82' lang='lat' dir='ltr'>inferioris</span> <span class='ocrx_word' id='word_1_81' title='bbox 850 970 922 1011; x_wconf 92' lang='lat' dir='ltr'>sed</span> <span class='ocrx_word' id='word_1_82' title='bbox 962 982 1011 1011; x_wconf 88' lang='lat' dir='ltr'>ex</span> <span class='ocrx_word' id='word_1_83' title='bbox 1048 968 1272 1022; x_wconf 90' lang='lat' dir='ltr'>superioris</span> <span class='ocrx_word' id='word_1_84' title='bbox 1313 969 1560 1011; x_wconf 85' lang='lat' dir='ltr'>Germaniae</span> <span class='ocrx_word' id='word_1_85' title='bbox 1589 969 1773 1013; x_wconf 80' lang='lat' dir='ltr'>sontibus</span> <span class='ocrx_word' id='word_1_86' title='bbox 1804 971 1894 1013; x_wconf 88' lang='lat' dir='ltr'>tali-</span> 
     </span>
     <span class='ocr_line' id='line_1_11' title="bbox 271 1041 1899 1098; baseline 0 -12"><span class='ocrx_word' id='word_1_87' title='bbox 271 1043 444 1098; x_wconf 79' lang='lat' dir='ltr'>busque,</span> <span class='ocrx_word' id='word_1_88' title='bbox 477 1042 560 1097; x_wconf 92' lang='lat' dir='ltr'>qui,</span> <span class='ocrx_word' id='word_1_89' title='bbox 582 1041 781 1095; x_wconf 87' lang='lat' dir='ltr'>respectis</span> <span class='ocrx_word' id='word_1_90' title='bbox 803 1041 874 1090; x_wconf 89' lang='lat' dir='ltr'>eis,</span> <span class='ocrx_word' id='word_1_91' title='bbox 905 1053 1012 1094; x_wconf 90' lang='lat' dir='ltr'>quae</span> <span class='ocrx_word' id='word_1_92' title='bbox 1042 1042 1094 1084; x_wconf 91' lang='lat' dir='ltr'>ad</span> <span class='ocrx_word' id='word_1_93' title='bbox 1116 1055 1191 1085; x_wconf 91' lang='lat' dir='ltr'>nos</span> <span class='ocrx_word' id='word_1_94' title='bbox 1212 1047 1500 1096; x_wconf 86' lang='lat' dir='ltr'>pervenerunt,</span> <span class='ocrx_word' id='word_1_95' title='bbox 1532 1043 1694 1097; x_wconf 83' lang='lat' dir='ltr'>glossiS‚</span> <span class='ocrx_word' id='word_1_96' title='bbox 1724 1044 1899 1087; x_wconf 85' lang='lat' dir='ltr'>maxime</span> 
     </span>
     <span class='ocr_line' id='line_1_12' title="bbox 269 1114 1900 1169; baseline -0.001 -11"><span class='ocrx_word' id='word_1_97' title='bbox 269 1129 361 1158; x_wconf 87' lang='lat' dir='ltr'>cum</span> <span class='ocrx_word' id='word_1_98' title='bbox 384 1115 788 1169; x_wconf 89' lang='lat' dir='ltr'>Tegernseeensibus</span> <span class='ocrx_word' id='word_1_99' title='bbox 811 1114 1071 1167; x_wconf 83' lang='lat' dir='ltr'>cohaereant,</span> <span class='ocrx_word' id='word_1_100' title='bbox 1091 1115 1183 1169; x_wconf 87' lang='lat' dir='ltr'>hoc,</span> <span class='ocrx_word' id='word_1_101' title='bbox 1205 1115 1255 1158; x_wconf 90' lang='lat' dir='ltr'>de</span> <span class='ocrx_word' id='word_1_102' title='bbox 1277 1128 1358 1169; x_wconf 93' lang='lat' dir='ltr'>quo</span> <span class='ocrx_word' id='word_1_103' title='bbox 1380 1116 1554 1169; x_wconf 84' lang='lat' dir='ltr'>agimuS,</span> <span class='ocrx_word' id='word_1_104' title='bbox 1585 1119 1900 1158; x_wconf 88' lang='lat' dir='ltr'>monumentum</span> 
     </span>
     <span class='ocr_line' id='line_1_13' title="bbox 270 1186 1900 1242; baseline 0 -11"><span class='ocrx_word' id='word_1_105' title='bbox 270 1201 361 1231; x_wconf 90' lang='lat' dir='ltr'>esse</span> <span class='ocrx_word' id='word_1_106' title='bbox 392 1188 674 1230; x_wconf 86' lang='lat' dir='ltr'>derivandum.</span> <span class='ocrx_word' id='word_1_107' title='bbox 706 1186 818 1241; x_wconf 92' lang='lat' dir='ltr'>quod</span> <span class='ocrx_word' id='word_1_108' title='bbox 848 1187 907 1228; x_wconf 91' lang='lat' dir='ltr'>ita</span> <span class='ocrx_word' id='word_1_109' title='bbox 937 1200 1028 1230; x_wconf 90' lang='lat' dir='ltr'>cum</span> <span class='ocrx_word' id='word_1_110' title='bbox 1060 1187 1305 1230; x_wconf 88' lang='lat' dir='ltr'>Baiuvarico</span> <span class='ocrx_word' id='word_1_111' title='bbox 1345 1188 1414 1230; x_wconf 94' lang='lat' dir='ltr'>illo</span> <span class='ocrx_word' id='word_1_112' title='bbox 1445 1188 1649 1242; x_wconf 84' lang='lat' dir='ltr'>congruit,</span> <span class='ocrx_word' id='word_1_113' title='bbox 1691 1192 1750 1241; x_wconf 93' lang='lat' dir='ltr'>ut,</span> <span class='ocrx_word' id='word_1_114' title='bbox 1792 1200 1900 1241; x_wconf 89' lang='lat' dir='ltr'>quae</span> 
     </span>
     <span class='ocr_line' id='line_1_14' title="bbox 270 1259 1901 1315; baseline 0 -12"><span class='ocrx_word' id='word_1_115' title='bbox 270 1262 314 1303; x_wconf 90' lang='lat' dir='ltr'>in</span> <span class='ocrx_word' id='word_1_116' title='bbox 352 1265 530 1314; x_wconf 90' lang='lat' dir='ltr'>utroque</span> <span class='ocrx_word' id='word_1_117' title='bbox 574 1260 742 1303; x_wconf 88' lang='lat' dir='ltr'>eaedem</span> <span class='ocrx_word' id='word_1_118' title='bbox 783 1259 935 1303; x_wconf 89' lang='lat' dir='ltr'>eisdem</span> <span class='ocrx_word' id='word_1_119' title='bbox 976 1259 1078 1303; x_wconf 91' lang='lat' dir='ltr'>locis</span> <span class='ocrx_word' id='word_1_120' title='bbox 1123 1265 1343 1304; x_wconf 88' lang='lat' dir='ltr'>occurrant</span> <span class='ocrx_word' id='word_1_121' title='bbox 1386 1261 1548 1315; x_wconf 86' lang='lat' dir='ltr'>glossae</span> <span class='ocrx_word' id='word_1_122' title='bbox 1587 1261 1674 1305; x_wconf 85' lang='lat' dir='ltr'>fere</span> <span class='ocrx_word' id='word_1_123' title='bbox 1715 1264 1901 1304; x_wconf 90' lang='lat' dir='ltr'>octavam</span> 
     </span>
     <span class='ocr_line' id='line_1_15' title="bbox 274 1332 1901 1389; baseline 0.002 -14"><span class='ocrx_word' id='word_1_124' title='bbox 274 1335 405 1377; x_wconf 82' lang='lat' dir='ltr'>nostri</span> <span class='ocrx_word' id='word_1_125' title='bbox 426 1337 587 1386; x_wconf 90' lang='lat' dir='ltr'>partem</span> <span class='ocrx_word' id='word_1_126' title='bbox 609 1332 801 1376; x_wconf 83' lang='lat' dir='ltr'>efficiant.</span> <span class='ocrx_word' id='word_1_127' title='bbox 832 1344 939 1385; x_wconf 86' lang='lat' dir='ltr'>quae</span> <span class='ocrx_word' id='word_1_128' title='bbox 969 1345 1036 1375; x_wconf 89' lang='lat' dir='ltr'>res</span> <span class='ocrx_word' id='word_1_129' title='bbox 1058 1336 1104 1375; x_wconf 90' lang='lat' dir='ltr'>ut</span> <span class='ocrx_word' id='word_1_130' title='bbox 1134 1333 1357 1386; x_wconf 90' lang='lat' dir='ltr'>unicuique</span> <span class='ocrx_word' id='word_1_131' title='bbox 1387 1334 1443 1376; x_wconf 90' lang='lat' dir='ltr'>sit</span> <span class='ocrx_word' id='word_1_132' title='bbox 1473 1335 1705 1388; x_wconf 90' lang='lat' dir='ltr'>perspicua,</span> <span class='ocrx_word' id='word_1_133' title='bbox 1746 1335 1901 1389; x_wconf 88' lang='lat' dir='ltr'>glossa-</span> 
     </span>
     <span class='ocr_line' id='line_1_16' title="bbox 273 1406 1903 1461; baseline 0.001 -11"><span class='ocrx_word' id='word_1_134' title='bbox 273 1420 367 1450; x_wconf 91' lang='lat' dir='ltr'>rum</span> <span class='ocrx_word' id='word_1_135' title='bbox 406 1406 799 1461; x_wconf 89' lang='lat' dir='ltr'>Tegernseeensium</span> <span class='ocrx_word' id='word_1_136' title='bbox 838 1419 1082 1449; x_wconf 88' lang='lat' dir='ltr'>consensum</span> <span class='ocrx_word' id='word_1_137' title='bbox 1139 1407 1226 1449; x_wconf 91' lang='lat' dir='ltr'>suis</span> <span class='ocrx_word' id='word_1_138' title='bbox 1271 1407 1371 1450; x_wconf 89' lang='lat' dir='ltr'>locis</span> <span class='ocrx_word' id='word_1_139' title='bbox 1416 1408 1492 1449; x_wconf 89' lang='lat' dir='ltr'>sub</span> <span class='ocrx_word' id='word_1_140' title='bbox 1538 1411 1654 1450; x_wconf 88' lang='lat' dir='ltr'>textu</span> <span class='ocrx_word' id='word_1_141' title='bbox 1698 1409 1903 1460; x_wconf 88' lang='lat' dir='ltr'>indicabo,</span> 
     </span>
     <span class='ocr_line' id='line_1_17' title="bbox 272 1479 1902 1536; baseline 0.001 -12"><span class='ocrx_word' id='word_1_142' title='bbox 272 1481 390 1535; x_wconf 89' lang='lat' dir='ltr'>signo</span> <span class='ocrx_word' id='word_1_143' title='bbox 421 1493 542 1524; x_wconf 86' lang='lat' dir='ltr'>usus:</span> <span class='ocrx_word' id='word_1_144' title='bbox 570 1479 675 1523; x_wconf 85' lang='lat' dir='ltr'>VGl.</span> <span class='ocrx_word' id='word_1_145' title='bbox 708 1492 789 1522; x_wconf 92' lang='lat' dir='ltr'>non</span> <span class='ocrx_word' id='word_1_146' title='bbox 821 1492 942 1533; x_wconf 84' lang='lat' dir='ltr'>nego,</span> <span class='ocrx_word' id='word_1_147' title='bbox 976 1480 1017 1522; x_wconf 93' lang='lat' dir='ltr'>in</span> <span class='ocrx_word' id='word_1_148' title='bbox 1039 1479 1245 1522; x_wconf 88' lang='lat' dir='ltr'>nonnullis</span> <span class='ocrx_word' id='word_1_149' title='bbox 1267 1480 1428 1524; x_wconf 86' lang='lat' dir='ltr'>mediae</span> <span class='ocrx_word' id='word_1_150' title='bbox 1450 1480 1698 1525; x_wconf 84' lang='lat' dir='ltr'>Germaniae</span> <span class='ocrx_word' id='word_1_151' title='bbox 1718 1482 1902 1536; x_wconf 89' lang='lat' dir='ltr'>reliquiis</span> 
     </span>
     <span class='ocr_line' id='line_1_18' title="bbox 277 1554 1899 1609; baseline 0.001 -13"><span class='ocrx_word' id='word_1_152' title='bbox 277 1555 408 1608; x_wconf 89' lang='lat' dir='ltr'>(velut</span> <span class='ocrx_word' id='word_1_153' title='bbox 437 1555 478 1596; x_wconf 90' lang='lat' dir='ltr'>in</span> <span class='ocrx_word' id='word_1_154' title='bbox 510 1554 852 1607; x_wconf 89' lang='lat' dir='ltr'>Argentoratensi</span> <span class='ocrx_word' id='word_1_155' title='bbox 883 1554 1078 1595; x_wconf 85' lang='lat' dir='ltr'>carminis</span> <span class='ocrx_word' id='word_1_156' title='bbox 1108 1554 1345 1596; x_wconf 89' lang='lat' dir='ltr'>Ruolandes</span> <span class='ocrx_word' id='word_1_157' title='bbox 1376 1554 1449 1596; x_wconf 92' lang='lat' dir='ltr'>liet</span> <span class='ocrx_word' id='word_1_158' title='bbox 1488 1555 1586 1596; x_wconf 92' lang='lat' dir='ltr'>dicti</span> <span class='ocrx_word' id='word_1_159' title='bbox 1617 1556 1899 1609; x_wconf 87' lang='lat' dir='ltr'>manuscripto</span> 
     </span>
     <span class='ocr_line' id='line_1_19' title="bbox 275 1626 1899 1686; baseline -0.001 -16"><span class='ocrx_word' id='word_1_160' title='bbox 275 1628 348 1686; x_wconf 67' lang='lat' dir='ltr'>cfr.</span> <span class='ocrx_word' id='word_1_161' title='bbox 381 1628 626 1670; x_wconf 90' lang='lat' dir='ltr'>Grimmium</span> <span class='ocrx_word' id='word_1_162' title='bbox 656 1640 695 1680; x_wconf 92' lang='lat' dir='ltr'>p.</span> <span class='ocrx_word' id='word_1_163' title='bbox 725 1628 837 1678; x_wconf 89' lang='lat' dir='ltr'>XVI,</span> <span class='ocrx_word' id='word_1_164' title='bbox 869 1627 910 1668; x_wconf 92' lang='lat' dir='ltr'>in</span> <span class='ocrx_word' id='word_1_165' title='bbox 951 1626 1102 1680; x_wconf 85' lang='lat' dir='ltr'>glossis</span> <span class='ocrx_word' id='word_1_166' title='bbox 1143 1626 1195 1669; x_wconf 91' lang='lat' dir='ltr'>ad</span> <span class='ocrx_word' id='word_1_167' title='bbox 1231 1627 1413 1670; x_wconf 90' lang='lat' dir='ltr'>Heinrici</span> <span class='ocrx_word' id='word_1_168' title='bbox 1451 1640 1596 1681; x_wconf 89' lang='lat' dir='ltr'>summ.</span> <span class='ocrx_word' id='word_1_169' title='bbox 1637 1626 1776 1670; x_wconf 86' lang='lat' dir='ltr'>Germ.</span> <span class='ocrx_word' id='word_1_170' title='bbox 1809 1628 1899 1682; x_wconf 89' lang='lat' dir='ltr'>IX.)</span> 
     </span>
     <span class='ocr_line' id='line_1_20' title="bbox 273 1700 1901 1756; baseline 0 -12"><span class='ocrx_word' id='word_1_171' title='bbox 273 1703 500 1756; x_wconf 88' lang='lat' dir='ltr'>aspiratam</span> <span class='ocrx_word' id='word_1_172' title='bbox 530 1700 784 1755; x_wconf 89' lang='lat' dir='ltr'>gutturalem</span> <span class='ocrx_word' id='word_1_173' title='bbox 816 1700 1022 1746; x_wconf 87' lang='lat' dir='ltr'>interdum</span> <span class='ocrx_word' id='word_1_174' title='bbox 1053 1700 1093 1742; x_wconf 92' lang='lat' dir='ltr'>in</span> <span class='ocrx_word' id='word_1_175' title='bbox 1126 1712 1270 1743; x_wconf 88' lang='lat' dir='ltr'>vocum</span> <span class='ocrx_word' id='word_1_176' title='bbox 1301 1700 1480 1743; x_wconf 82' lang='lat' dir='ltr'>exordiis</span> <span class='ocrx_word' id='word_1_177' title='bbox 1510 1714 1584 1754; x_wconf 92' lang='lat' dir='ltr'>pro</span> <span class='ocrx_word' id='word_1_178' title='bbox 1616 1701 1643 1741; x_wconf 80' lang='lat' dir='ltr'>lc</span> <span class='ocrx_word' id='word_1_179' title='bbox 1673 1701 1901 1744; x_wconf 85' lang='lat' dir='ltr'>adhibitam</span> 
     </span>
     <span class='ocr_line' id='line_1_21' title="bbox 273 1772 1902 1829; baseline 0 -12"><span class='ocrx_word' id='word_1_180' title='bbox 273 1787 384 1817; x_wconf 90' lang='lat' dir='ltr'>esse:</span> <span class='ocrx_word' id='word_1_181' title='bbox 426 1775 499 1816; x_wconf 89' lang='lat' dir='ltr'>sed</span> <span class='ocrx_word' id='word_1_182' title='bbox 544 1786 678 1816; x_wconf 90' lang='lat' dir='ltr'>nonne</span> <span class='ocrx_word' id='word_1_183' title='bbox 718 1772 900 1816; x_wconf 88' lang='lat' dir='ltr'>notabile</span> <span class='ocrx_word' id='word_1_184' title='bbox 931 1774 1014 1822; x_wconf 80' lang='lat' dir='ltr'>est,</span> <span class='ocrx_word' id='word_1_185' title='bbox 1054 1785 1103 1816; x_wconf 89' lang='lat' dir='ltr'>ex</span> <span class='ocrx_word' id='word_1_186' title='bbox 1141 1776 1233 1815; x_wconf 92' lang='lat' dir='ltr'>octo</span> <span class='ocrx_word' id='word_1_187' title='bbox 1273 1773 1435 1816; x_wconf 88' lang='lat' dir='ltr'>illorum</span> <span class='ocrx_word' id='word_1_188' title='bbox 1470 1786 1575 1828; x_wconf 92' lang='lat' dir='ltr'>quae</span> <span class='ocrx_word' id='word_1_189' title='bbox 1615 1787 1741 1829; x_wconf 89' lang='lat' dir='ltr'>supra</span> <span class='ocrx_word' id='word_1_190' title='bbox 1782 1775 1837 1829; x_wconf 87' lang='lat' dir='ltr'>(p.</span> <span class='ocrx_word' id='word_1_191' title='bbox 1878 1778 1902 1817; x_wconf 87' lang='grc'>9</span> 
     </span>
     <span class='ocr_line' id='line_1_22' title="bbox 277 1846 1901 1901; baseline 0.001 -11"><span class='ocrx_word' id='word_1_192' title='bbox 277 1848 429 1900; x_wconf 91' lang='lat' dir='ltr'>media)</span> <span class='ocrx_word' id='word_1_193' title='bbox 462 1848 596 1900; x_wconf 88' lang='lat' dir='ltr'>attuli,</span> <span class='ocrx_word' id='word_1_194' title='bbox 630 1846 921 1890; x_wconf 90' lang='lat' dir='ltr'>vocabulorum</span> <span class='ocrx_word' id='word_1_195' title='bbox 951 1859 1123 1889; x_wconf 89' lang='lat' dir='ltr'>numero</span> <span class='ocrx_word' id='word_1_196' title='bbox 1154 1851 1332 1900; x_wconf 89' lang='lat' dir='ltr'>quatuor</span> <span class='ocrx_word' id='word_1_197' title='bbox 1365 1848 1518 1890; x_wconf 90' lang='lat' dir='ltr'>eisdem</span> <span class='ocrx_word' id='word_1_198' title='bbox 1557 1848 1787 1901; x_wconf 91' lang='lat' dir='ltr'>glossarum</span> <span class='ocrx_word' id='word_1_199' title='bbox 1826 1850 1901 1891; x_wconf 87' lang='lat' dir='ltr'>Te·</span> 
     </span>
     <span class='ocr_line' id='line_1_23' title="bbox 277 1920 1901 1974; baseline -0.001 -11"><span class='ocrx_word' id='word_1_200' title='bbox 277 1921 612 1974; x_wconf 89' lang='lat' dir='ltr'>gernseeensium</span> <span class='ocrx_word' id='word_1_201' title='bbox 643 1921 743 1963; x_wconf 92' lang='lat' dir='ltr'>locis</span> <span class='ocrx_word' id='word_1_202' title='bbox 775 1920 1055 1973; x_wconf 78' lang='lat' dir='ltr'>deprehendi?</span> <span class='ocrx_word' id='word_1_203' title='bbox 1095 1933 1169 1962; x_wconf 86' lang='lat' dir='ltr'>nec</span> <span class='ocrx_word' id='word_1_204' title='bbox 1209 1932 1306 1962; x_wconf 90' lang='lat' dir='ltr'>vero</span> <span class='ocrx_word' id='word_1_205' title='bbox 1347 1921 1389 1961; x_wconf 90' lang='lat' dir='ltr'>id</span> <span class='ocrx_word' id='word_1_206' title='bbox 1429 1922 1619 1974; x_wconf 88' lang='lat' dir='ltr'>cuiquam</span> <span class='ocrx_word' id='word_1_207' title='bbox 1651 1921 1692 1962; x_wconf 91' lang='lat' dir='ltr'>in</span> <span class='ocrx_word' id='word_1_208' title='bbox 1723 1924 1901 1963; x_wconf 89' lang='lat' dir='ltr'>mentem</span> 
     </span>
     <span class='ocr_line' id='line_1_24' title="bbox 276 1992 1902 2047; baseline 0.001 -12"><span class='ocrx_word' id='word_1_209' title='bbox 276 1998 498 2036; x_wconf 91' lang='lat' dir='ltr'>venturum</span> <span class='ocrx_word' id='word_1_210' title='bbox 529 2006 620 2036; x_wconf 85' lang='lat' dir='ltr'>esse</span> <span class='ocrx_word' id='word_1_211' title='bbox 650 1997 765 2047; x_wconf 81' lang='lat' dir='ltr'>puto,</span> <span class='ocrx_word' id='word_1_212' title='bbox 797 1994 929 2047; x_wconf 91' lang='lat' dir='ltr'>primo</span> <span class='ocrx_word' id='word_1_213' title='bbox 961 1993 1185 2046; x_wconf 88' lang='lat' dir='ltr'>superioris</span> <span class='ocrx_word' id='word_1_214' title='bbox 1208 1992 1455 2036; x_wconf 85' lang='lat' dir='ltr'>Germaniae</span> <span class='ocrx_word' id='word_1_215' title='bbox 1476 1994 1634 2047; x_wconf 84' lang='lat' dir='ltr'>glossas</span> <span class='ocrx_word' id='word_1_216' title='bbox 1664 1994 1705 2036; x_wconf 89' lang='lat' dir='ltr'>in</span> <span class='ocrx_word' id='word_1_217' title='bbox 1736 1994 1902 2037; x_wconf 80' lang='lat' dir='ltr'>inferio-</span> 
     </span>
     <span class='ocr_line' id='line_1_25' title="bbox 278 2066 1904 2119; baseline -0.001 -8"><span class='ocrx_word' id='word_1_218' title='bbox 278 2069 334 2110; x_wconf 90' lang='lat' dir='ltr'>ris</span> <span class='ocrx_word' id='word_1_219' title='bbox 367 2069 589 2111; x_wconf 84' lang='lat' dir='ltr'>dialectum</span> <span class='ocrx_word' id='word_1_220' title='bbox 620 2080 711 2110; x_wconf 90' lang='lat' dir='ltr'>esse</span> <span class='ocrx_word' id='word_1_221' title='bbox 742 2079 975 2116; x_wconf 86' lang='lat' dir='ltr'>conversas,</span> <span class='ocrx_word' id='word_1_222' title='bbox 1007 2067 1155 2109; x_wconf 87' lang='lat' dir='ltr'>deinde</span> <span class='ocrx_word' id='word_1_223' title='bbox 1186 2066 1321 2109; x_wconf 91' lang='lat' dir='ltr'>denuo</span> <span class='ocrx_word' id='word_1_224' title='bbox 1352 2067 1457 2119; x_wconf 91' lang='lat' dir='ltr'>huic,</span> <span class='ocrx_word' id='word_1_225' title='bbox 1490 2079 1572 2119; x_wconf 86' lang='lat' dir='ltr'>qua</span> <span class='ocrx_word' id='word_1_226' title='bbox 1601 2071 1789 2110; x_wconf 88' lang='lat' dir='ltr'>nostrum</span> <span class='ocrx_word' id='word_1_227' title='bbox 1820 2080 1904 2111; x_wconf 93' lang='lat' dir='ltr'>mo-</span> 
     </span>
     <span class='ocr_line' id='line_1_26' title="bbox 275 2128 1178 2196; baseline -0.002 -11"><span class='ocrx_word' id='word_1_228' title='bbox 275 2146 523 2185; x_wconf 90' lang='lat' dir='ltr'>numentum</span> <span class='ocrx_word' id='word_1_229' title='bbox 554 2143 697 2195; x_wconf 85' lang='lat' dir='ltr'>utitur,</span> <span class='ocrx_word' id='word_1_230' title='bbox 730 2142 963 2196; x_wconf 87' lang='lat' dir='ltr'>adaptatas.</span> <span class='ocrx_word' id='word_1_231' title='bbox 1168 2128 1178 2139; x_wconf 66' lang='grc'><strong><em>’</em></strong></span> 
     </span>
    </p>

    <p class='ocr_par' dir='ltr' id='par_1_4' title="bbox 276 2215 1908 2931">
     <span class='ocr_line' id='line_1_27' title="bbox 391 2215 1899 2270; baseline 0.001 -12"><span class='ocrx_word' id='word_1_232' title='bbox 391 2216 474 2259; x_wconf 87' lang='lat' dir='ltr'>Sed</span> <span class='ocrx_word' id='word_1_233' title='bbox 520 2216 725 2270; x_wconf 87' lang='lat' dir='ltr'>denegare</span> <span class='ocrx_word' id='word_1_234' title='bbox 764 2229 845 2258; x_wconf 90' lang='lat' dir='ltr'>non</span> <span class='ocrx_word' id='word_1_235' title='bbox 883 2216 990 2268; x_wconf 89' lang='lat' dir='ltr'>licet,</span> <span class='ocrx_word' id='word_1_236' title='bbox 1031 2228 1247 2258; x_wconf 84' lang='lat' dir='ltr'>occurrere</span> <span class='ocrx_word' id='word_1_237' title='bbox 1276 2215 1435 2269; x_wconf 89' lang='lat' dir='ltr'>aliquot</span> <span class='ocrx_word' id='word_1_238' title='bbox 1465 2228 1595 2268; x_wconf 85' lang='lat' dir='ltr'>voces,</span> <span class='ocrx_word' id='word_1_239' title='bbox 1647 2228 1766 2270; x_wconf 84' lang='lat' dir='ltr'>quae,</span> <span class='ocrx_word' id='word_1_240' title='bbox 1806 2229 1899 2260; x_wconf 86' lang='lat' dir='ltr'>cum</span> 
     </span>
     <span class='ocr_line' id='line_1_28' title="bbox 276 2289 1903 2345; baseline -0.001 -12"><span class='ocrx_word' id='word_1_241' title='bbox 276 2291 469 2345; x_wconf 89' lang='lat' dir='ltr'>propriae</span> <span class='ocrx_word' id='word_1_242' title='bbox 500 2291 583 2332; x_wconf 91' lang='lat' dir='ltr'>sint</span> <span class='ocrx_word' id='word_1_243' title='bbox 620 2290 825 2333; x_wconf 83' lang='lat' dir='ltr'>inferioris</span> <span class='ocrx_word' id='word_1_244' title='bbox 865 2290 1111 2333; x_wconf 83' lang='lat' dir='ltr'>Germaniae</span> <span class='ocrx_word' id='word_1_245' title='bbox 1149 2289 1326 2342; x_wconf 80' lang='lat' dir='ltr'>linguae,</span> <span class='ocrx_word' id='word_1_246' title='bbox 1367 2302 1416 2331; x_wconf 91' lang='lat' dir='ltr'>ex</span> <span class='ocrx_word' id='word_1_247' title='bbox 1454 2289 1603 2343; x_wconf 90' lang='lat' dir='ltr'>glossis</span> <span class='ocrx_word' id='word_1_248' title='bbox 1646 2289 1903 2333; x_wconf 89' lang='lat' dir='ltr'>Baiuvaricis</span> 
     </span>
     <span class='ocr_line' id='line_1_29' title="bbox 276 2363 1906 2416; baseline 0 -10"><span class='ocrx_word' id='word_1_249' title='bbox 276 2363 406 2406; x_wconf 87' lang='lat' dir='ltr'>fluere</span> <span class='ocrx_word' id='word_1_250' title='bbox 444 2375 565 2416; x_wconf 87' lang='lat' dir='ltr'>posse</span> <span class='ocrx_word' id='word_1_251' title='bbox 605 2376 687 2406; x_wconf 92' lang='lat' dir='ltr'>non</span> <span class='ocrx_word' id='word_1_252' title='bbox 725 2364 930 2405; x_wconf 80' lang='lat' dir='ltr'>videntur.</span> <span class='ocrx_word' id='word_1_253' title='bbox 963 2363 1179 2416; x_wconf 88' lang='lat' dir='ltr'>quaeritur</span> <span class='ocrx_word' id='word_1_254' title='bbox 1210 2363 1349 2416; x_wconf 89' lang='lat' dir='ltr'>igitur,</span> <span class='ocrx_word' id='word_1_255' title='bbox 1388 2366 1528 2405; x_wconf 87' lang='lat' dir='ltr'>utrum</span> <span class='ocrx_word' id='word_1_256' title='bbox 1567 2363 1646 2405; x_wconf 90' lang='lat' dir='ltr'>hae</span> <span class='ocrx_word' id='word_1_257' title='bbox 1682 2375 1806 2406; x_wconf 85' lang='lat' dir='ltr'>voces</span> <span class='ocrx_word' id='word_1_258' title='bbox 1837 2363 1906 2406; x_wconf 90' lang='lat' dir='ltr'>de-</span> 
     </span>
     <span class='ocr_line' id='line_1_30' title="bbox 278 2435 1908 2490; baseline -0.001 -10"><span class='ocrx_word' id='word_1_259' title='bbox 278 2437 459 2490; x_wconf 88' lang='lat' dir='ltr'>scriptae</span> <span class='ocrx_word' id='word_1_260' title='bbox 490 2437 574 2479; x_wconf 90' lang='lat' dir='ltr'>sint</span> <span class='ocrx_word' id='word_1_261' title='bbox 603 2450 652 2480; x_wconf 86' lang='lat' dir='ltr'>ex</span> <span class='ocrx_word' id='word_1_262' title='bbox 683 2437 823 2480; x_wconf 89' lang='lat' dir='ltr'>codice</span> <span class='ocrx_word' id='word_1_263' title='bbox 853 2437 991 2489; x_wconf 91' lang='lat' dir='ltr'>aliquo</span> <span class='ocrx_word' id='word_1_264' title='bbox 1013 2436 1217 2480; x_wconf 90' lang='lat' dir='ltr'>inferioris</span> <span class='ocrx_word' id='word_1_265' title='bbox 1240 2436 1486 2478; x_wconf 86' lang='lat' dir='ltr'>Germaniae</span> <span class='ocrx_word' id='word_1_266' title='bbox 1516 2435 1812 2490; x_wconf 90' lang='lat' dir='ltr'>paululumque</span> <span class='ocrx_word' id='word_1_267' title='bbox 1841 2449 1908 2479; x_wconf 91' lang='lat' dir='ltr'>su-</span> 
     </span>
     <span class='ocr_line' id='line_1_31' title="bbox 276 2509 1905 2564; baseline 0 -11"><span class='ocrx_word' id='word_1_268' title='bbox 276 2511 454 2564; x_wconf 82' lang='lat' dir='ltr'>perieris</span> <span class='ocrx_word' id='word_1_269' title='bbox 502 2509 755 2553; x_wconf 88' lang='lat' dir='ltr'>assimilatae</span> <span class='ocrx_word' id='word_1_270' title='bbox 802 2510 970 2563; x_wconf 89' lang='lat' dir='ltr'>regulis,</span> <span class='ocrx_word' id='word_1_271' title='bbox 1016 2522 1070 2552; x_wconf 90' lang='lat' dir='ltr'>an</span> <span class='ocrx_word' id='word_1_272' title='bbox 1102 2510 1153 2552; x_wconf 91' lang='lat' dir='ltr'>ab</span> <span class='ocrx_word' id='word_1_273' title='bbox 1200 2509 1281 2560; x_wconf 85' lang='lat' dir='ltr'>illa,</span> <span class='ocrx_word' id='word_1_274' title='bbox 1329 2509 1394 2552; x_wconf 91' lang='lat' dir='ltr'>cui</span> <span class='ocrx_word' id='word_1_275' title='bbox 1439 2509 1602 2562; x_wconf 89' lang='lat' dir='ltr'>glossae</span> <span class='ocrx_word' id='word_1_276' title='bbox 1639 2509 1905 2562; x_wconf 85' lang='lat' dir='ltr'>Parisienses,</span> 
     </span>
     <span class='ocr_line' id='line_1_32' title="bbox 278 2582 1906 2637; baseline -0.001 -11"><span class='ocrx_word' id='word_1_277' title='bbox 278 2583 422 2637; x_wconf 89' lang='lat' dir='ltr'>quales</span> <span class='ocrx_word' id='word_1_278' title='bbox 451 2596 561 2626; x_wconf 90' lang='lat' dir='ltr'>nunc</span> <span class='ocrx_word' id='word_1_279' title='bbox 592 2587 700 2636; x_wconf 85' lang='lat' dir='ltr'>sunt,</span> <span class='ocrx_word' id='word_1_280' title='bbox 734 2584 950 2635; x_wconf 87' lang='lat' dir='ltr'>debentur,</span> <span class='ocrx_word' id='word_1_281' title='bbox 982 2583 1158 2626; x_wconf 88' lang='lat' dir='ltr'>dialecto</span> <span class='ocrx_word' id='word_1_282' title='bbox 1189 2583 1274 2625; x_wconf 92' lang='lat' dir='ltr'>sint</span> <span class='ocrx_word' id='word_1_283' title='bbox 1300 2583 1467 2636; x_wconf 90' lang='lat' dir='ltr'>petitae.</span> <span class='ocrx_word' id='word_1_284' title='bbox 1499 2582 1605 2625; x_wconf 88' lang='lat' dir='ltr'>hanc</span> <span class='ocrx_word' id='word_1_285' title='bbox 1636 2583 1906 2635; x_wconf 87' lang='lat' dir='ltr'>posteriorem</span> 
     </span>
     <span class='ocr_line' id='line_1_33' title="bbox 278 2655 1906 2709; baseline 0.001 -11"><span class='ocrx_word' id='word_1_286' title='bbox 278 2668 430 2709; x_wconf 89' lang='lat' dir='ltr'>sequor</span> <span class='ocrx_word' id='word_1_287' title='bbox 460 2657 718 2699; x_wconf 89' lang='lat' dir='ltr'>sententiam.</span> <span class='ocrx_word' id='word_1_288' title='bbox 751 2655 857 2699; x_wconf 88' lang='lat' dir='ltr'>forte</span> <span class='ocrx_word' id='word_1_289' title='bbox 888 2656 996 2699; x_wconf 89' lang='lat' dir='ltr'>enim</span> <span class='ocrx_word' id='word_1_290' title='bbox 1027 2655 1193 2699; x_wconf 89' lang='lat' dir='ltr'>fortuna</span> <span class='ocrx_word' id='word_1_291' title='bbox 1224 2659 1434 2698; x_wconf 88' lang='lat' dir='ltr'>servatum</span> <span class='ocrx_word' id='word_1_292' title='bbox 1466 2655 1583 2699; x_wconf 92' lang='lat' dir='ltr'>nobis</span> <span class='ocrx_word' id='word_1_293' title='bbox 1615 2659 1679 2699; x_wconf 90' lang='lat' dir='ltr'>est</span> <span class='ocrx_word' id='word_1_294' title='bbox 1708 2655 1821 2709; x_wconf 90' lang='lat' dir='ltr'>illud,</span> <span class='ocrx_word' id='word_1_295' title='bbox 1855 2656 1906 2699; x_wconf 89' lang='lat' dir='ltr'>de</span> 
     </span>
     <span class='ocr_line' id='line_1_34' title="bbox 279 2729 1908 2782; baseline 0 -11"><span class='ocrx_word' id='word_1_296' title='bbox 279 2741 360 2781; x_wconf 94' lang='lat' dir='ltr'>quo</span> <span class='ocrx_word' id='word_1_297' title='bbox 391 2729 513 2771; x_wconf 89' lang='lat' dir='ltr'>modo</span> <span class='ocrx_word' id='word_1_298' title='bbox 544 2729 621 2782; x_wconf 90' lang='lat' dir='ltr'>egi,</span> <span class='ocrx_word' id='word_1_299' title='bbox 661 2729 803 2771; x_wconf 84' lang='lat' dir='ltr'>folium</span> <span class='ocrx_word' id='word_1_300' title='bbox 846 2732 912 2781; x_wconf 86' lang='lat'>42,</span> <span class='ocrx_word' id='word_1_301' title='bbox 962 2729 1040 2781; x_wconf 86' lang='lat' dir='ltr'>cui,</span> <span class='ocrx_word' id='word_1_302' title='bbox 1085 2741 1178 2771; x_wconf 91' lang='lat' dir='ltr'>cum</span> <span class='ocrx_word' id='word_1_303' title='bbox 1209 2730 1272 2771; x_wconf 89' lang='lat' dir='ltr'>bis</span> <span class='ocrx_word' id='word_1_304' title='bbox 1312 2729 1339 2771; x_wconf 92' lang='lat' dir='ltr'>h</span> <span class='ocrx_word' id='word_1_305' title='bbox 1377 2732 1474 2772; x_wconf 88' lang='lat' dir='ltr'>ante</span> <span class='ocrx_word' id='word_1_306' title='bbox 1504 2743 1526 2771; x_wconf 89' lang='lat' dir='ltr'>r</span> <span class='ocrx_word' id='word_1_307' title='bbox 1556 2733 1729 2779; x_wconf 86' lang='lat' dir='ltr'>retenta,</span> <span class='ocrx_word' id='word_1_308' title='bbox 1780 2729 1908 2772; x_wconf 90' lang='lat' dir='ltr'>semel</span> 
     </span>
     <span class='ocr_line' id='line_1_35' title="bbox 279 2802 1906 2857; baseline 0.001 -13"><span class='ocrx_word' id='word_1_309' title='bbox 279 2802 444 2845; x_wconf 88' lang='lat' dir='ltr'>abiecta</span> <span class='ocrx_word' id='word_1_310' title='bbox 474 2803 541 2855; x_wconf 91' lang='lat' dir='ltr'>sit,</span> <span class='ocrx_word' id='word_1_311' title='bbox 572 2803 608 2845; x_wconf 90' lang='lat' dir='ltr'>si</span> <span class='ocrx_word' id='word_1_312' title='bbox 638 2802 794 2846; x_wconf 88' lang='lat' dir='ltr'>saeculi</span> <span class='ocrx_word' id='word_1_313' title='bbox 831 2802 928 2845; x_wconf 91' lang='lat' dir='ltr'>noni</span> <span class='ocrx_word' id='word_1_314' title='bbox 965 2805 1126 2856; x_wconf 86' lang='lat' dir='ltr'>partem</span> <span class='ocrx_word' id='word_1_315' title='bbox 1167 2802 1341 2846; x_wconf 90' lang='lat' dir='ltr'>alteram</span> <span class='ocrx_word' id='word_1_316' title='bbox 1384 2803 1661 2857; x_wconf 86' lang='lat' dir='ltr'>assignavero,</span> <span class='ocrx_word' id='word_1_317' title='bbox 1691 2815 1771 2846; x_wconf 90' lang='lat' dir='ltr'>non</span> <span class='ocrx_word' id='word_1_318' title='bbox 1802 2802 1906 2846; x_wconf 92' lang='lat' dir='ltr'>mul·</span> 
     </span>
     <span class='ocr_line' id='line_1_36' title="bbox 281 2875 1905 2931; baseline -0.001 -12"><span class='ocrx_word' id='word_1_319' title='bbox 281 2880 368 2919; x_wconf 91' lang='lat' dir='ltr'>tum</span> <span class='ocrx_word' id='word_1_320' title='bbox 391 2889 414 2918; x_wconf 91' lang='lat' dir='ltr'>a</span> <span class='ocrx_word' id='word_1_321' title='bbox 446 2888 543 2918; x_wconf 88' lang='lat' dir='ltr'>vero</span> <span class='ocrx_word' id='word_1_322' title='bbox 574 2876 770 2919; x_wconf 84' lang='lat' dir='ltr'>aberrare</span> <span class='ocrx_word' id='word_1_323' title='bbox 792 2876 890 2918; x_wconf 91' lang='lat' dir='ltr'>mihi</span> <span class='ocrx_word' id='word_1_324' title='bbox 921 2875 1102 2918; x_wconf 88' lang='lat' dir='ltr'>videbor.</span> <span class='ocrx_word' id='word_1_325' title='bbox 1136 2876 1247 2930; x_wconf 91' lang='lat' dir='ltr'>quod</span> <span class='ocrx_word' id='word_1_326' title='bbox 1288 2889 1380 2918; x_wconf 91' lang='lat' dir='ltr'>cum</span> <span class='ocrx_word' id='word_1_327' title='bbox 1410 2877 1498 2930; x_wconf 88' lang='lat' dir='ltr'>ipse</span> <span class='ocrx_word' id='word_1_328' title='bbox 1529 2888 1610 2918; x_wconf 92' lang='lat' dir='ltr'>non</span> <span class='ocrx_word' id='word_1_329' title='bbox 1641 2875 1905 2931; x_wconf 85' lang='lat' dir='ltr'>inspexerim,</span> 
     </span>
    </p>
   </div>
  </div>
 </body>
</html>
