2225 3427
1823 328 1876 367 23

254 433 479 489 diiudicare
516 458 595 488 non
637 460 822 499 possum,
864 447 971 489 sitne
1017 447 1298 501 apographum
1338 459 1478 489 necne.
1530 447 1631 489 nihil
1670 459 1767 489 vero
1799 452 1874 498 est,

252 531 326 561 cur
355 523 559 572 putemUS,
585 519 763 573 glossas,
794 532 901 574 quae
930 520 971 562 in
1005 532 1053 563 eo
1075 520 1347 571 continentur,
1380 519 1420 561 in
1442 519 1522 562 alia
1542 519 1680 572 aliqua
1708 519 1875 573 regione

252 592 506 645 conscriptas
537 605 628 635 esse
658 604 781 645 quam
813 593 1086 646 Vergilianas.
1119 606 1213 635 nam
1250 593 1360 645 quod
1399 593 1525 634 semel
1555 596 1719 635 tantum
1751 601 1766 634 t
1796 607 1873 647 pro

251 680 285 714 z,
316 665 356 706 in
388 665 535 717 glossis
567 666 813 719 Vergilianis
844 669 908 708 ter
938 666 1058 708 obvia
1085 669 1159 717 est,
1191 665 1293 707 nihil
1322 665 1484 718 probat,
1516 665 1595 707 nisi
1625 666 1666 708 in
1698 670 1874 721 utroque

251 742 515 781 monumento
560 739 770 781 rarissime
813 739 855 780 id
900 752 978 781 usu
1022 739 1181 787 venire3
1232 738 1576 780 considerandum
1629 740 1752 781 etiam
1798 745 1873 789 est,

249 811 408 864 glossas
442 811 697 864 Vergilianas
724 811 933 864 octuplum
967 824 1112 854 vocum
1142 813 1342 864 praebere
1379 824 1619 866 numerum3
1659 811 1807 854 deinde
1838 813 1873 854 si

251 884 342 937 quis
374 888 522 935 monet,
569 886 727 927 literam
769 885 811 925 th
841 899 924 941 pro
965 885 995 925 d
1022 887 1085 927 bis
1123 887 1163 926 in
1203 885 1310 936 folio,
1340 883 1592 938 ⁴saepissime
1636 885 1676 925 in
1721 885 1870 937 glossis

253 960 493 1010 usurpatam
525 969 628 1007 esse,
659 958 851 1009 rescribo,
892 958 933 999 in
972 958 1125 1001 talibus
1166 958 1290 1000 rebus
1320 957 1542 1011 plurimum
1582 957 1741 999 scribae
1781 970 1872 1000 esse

254 1029 455 1081 dandum3
495 1031 535 1071 in
567 1031 802 1072 memoriam
839 1043 986 1074 revoco
1024 1031 1249 1073 adhibitam
1295 1042 1385 1073 esse
1425 1029 1467 1071 th
1497 1030 1539 1072 in
1580 1030 1870 1084 manuscriptis

250 1103 314 1143 vel
345 1102 574 1144 duodecimi
605 1104 771 1152 saeculi,
803 1104 917 1146 verbi
955 1116 1081 1146 causa
1119 1104 1161 1145 in
1200 1103 1339 1146 codice
1380 1104 1413 1144 A
1452 1103 1646 1144 carminis
1677 1103 1728 1144 de
1759 1104 1867 1144 Ruo-

247 1174 369 1215 lando
405 1175 634 1228 compositi,
665 1176 705 1216 in
736 1176 924 1218 versione
945 1176 1199 1218 interlineari
1228 1174 1493 1228 psalmorum,
1524 1187 1647 1228 quam
1677 1175 1865 1228 Wigger-

251 1250 319 1289 tus
340 1247 478 1289 edidit.
512 1259 603 1289 cum
626 1250 841 1300 praeterea
863 1248 1043 1300 accedat,
1075 1248 1185 1300 quod
1208 1247 1367 1300 aliquot
1397 1260 1542 1291 vocum
1563 1248 1731 1290 eaedem
1762 1259 1868 1301 quae

251 1320 291 1361 in
322 1320 470 1374 glossis
502 1319 658 1362 formae
689 1332 780 1363 sese
811 1320 1000 1372 offerunt,
1031 1334 1113 1364 non
1135 1321 1272 1372 timeo,
1295 1322 1354 1363 ‘ne
1376 1322 1600 1374 vituperer,
1633 1322 1667 1362 si
1698 1319 1795 1363 folio
1826 1324 1869 1363 et

247 1392 396 1446 glossis
417 1405 500 1435 una
521 1393 574 1435 ad
595 1393 816 1447 regionem,
848 1394 890 1435 in
912 1405 994 1446 qua
1016 1398 1114 1436 nata
1135 1394 1217 1436 sint
1235 1394 1338 1438 haec
1359 1397 1635 1447 monumenta,
1667 1394 1865 1447 indagan-

248 1466 343 1507 dam
374 1477 473 1507 usus
514 1478 595 1507 ero.
643 1471 766 1518 atque
805 1466 846 1508 in
888 1467 1123 1520 plantarum
1168 1467 1402 1509 nominibus
1448 1467 1624 1520 vestigia
1663 1467 1867 1521 quaedam

246 1539 410 1583 dialecti
442 1539 665 1583 Saxonicae
695 1543 916 1593 apparent:
955 1541 1036 1584 huc
1064 1539 1198 1583 refero
1229 1541 1255 1582 a
1284 1553 1358 1594 pro
1390 1539 1424 1592 e,
1457 1540 1479 1582 e
1508 1553 1582 1592 pro
1614 1540 1650 1589 a,
1681 1553 1868 1592 praeser-

245 1612 319 1654 tim
357 1615 495 1654 autem
533 1625 568 1653 w
607 1615 703 1654 ante
743 1625 775 1664 r,
818 1624 923 1664 quae
969 1613 1011 1653 in
1041 1626 1139 1656 voce
1177 1613 1361 1655 uurendo
1400 1613 1601 1666 occurrit3
1642 1626 1689 1655 ex
1720 1613 1868 1665 glossis

247 1685 492 1740 Vergilianis
531 1685 710 1729 fortasse
749 1687 829 1729 huc
869 1690 1031 1740 spectat
1068 1699 1150 1730 acc.
1192 1686 1246 1739 pl.
1286 1686 1459 1739 gabulas
1494 1689 1585 1739 143,
1616 1699 1738 1740 quem
1769 1690 1867 1729 ante

245 1761 286 1802 in
318 1759 536 1803 flexionum
569 1762 842 1814 descriptione
880 1761 1151 1814 praetermisi.
1194 1773 1244 1802 ex
1283 1759 1489 1801 Saxonum
1528 1760 1669 1813 lingua
1700 1760 1867 1813 quidem

244 1835 346 1877 haec
378 1847 454 1876 vox
492 1835 659 1888 probari
688 1848 769 1878 non
808 1837 965 1888 potest3
1002 1834 1074 1877 sed
1116 1837 1158 1877 et
1195 1834 1235 1875 in
1275 1833 1592 1887 anglosaxonica
1632 1833 1867 1887 (Bosworth

246 1909 357 1962 27p.)
399 1912 441 1950 et
485 1909 526 1950 in
571 1908 724 1951 boreali
765 1907 884 1961 (gass)
926 1899 1100 1950 dialecto
1138 1897 1459 1950 masculinorum
1494 1906 1651 1959 primae
1692 1906 1868 1948 declina-

247 1982 372 2024 tionis
402 1981 570 2024 fortium
602 1982 790 2034 sequitur
824 1981 1001 2025 modum.
1040 1982 1142 2024 haec
1178 1993 1275 2024 vero
1312 1980 1516 2023 inferioris
1556 1979 1688 2021 Rheni
1719 1979 1865 2022 dialec-

246 2057 333 2097 tum
364 2056 550 2098 redolere
581 2056 794 2097 videntur:
843 2056 881 2109 1)
913 2071 956 2096 ss
985 2068 1059 2108 pro
1090 2069 1133 2094 sc
1173 2056 1290 2108 (sane
1333 2054 1499 2107 quidem
1536 2052 1578 2094 in
1618 2051 1863 2094 Alamannia

246 2129 408 2172 saeculo
450 2129 692 2172 duodecimo
733 2132 774 2171 et
810 2129 933 2172 tertio
972 2128 1129 2172 decimo
1166 2141 1250 2171 non
1290 2128 1418 2171 deest.
1488 2125 1650 2169 Weinh.
1689 2137 1859 2179 gramm.

246 2203 368 2245 alam.
399 2216 437 2256 p.
475 2206 569 2257 156)
601 2215 649 2245 ex
686 2203 924 2256 regionibus
961 2202 1169 2245 Francicis
1208 2202 1287 2244 nisi
1327 2214 1376 2243 ex
1414 2200 1548 2242 Rheni
1586 2199 1790 2242 inferioris
1822 2202 1864 2241 et

245 2276 370 2320 medii
400 2276 499 2319 locis
529 2277 704 2331 probare
734 2289 815 2319 non
855 2288 1040 2330 possum:
1081 2275 1134 2329 gl.
1175 2274 1385 2317 Wiesbad.
1426 2277 1506 2316 229
1545 2286 1740 2324 romesse,
1772 2272 1865 2314 We-

246 2350 436 2393 rinherus
476 2350 556 2403 (ed.
589 2349 638 2392 Gr.
678 2350 852 2404 Grimm)
894 2363 933 2403 p.
969 2353 1030 2402 19,
1071 2352 1117 2390 21
1167 2349 1384 2402 galileisse,
1430 2351 1496 2399 46,
1535 2351 1559 2389 8
1603 2347 1865 2398 hebreissen3

244 2423 496 2475 Lacomblet,
528 2423 669 2465 archiv
699 2423 732 2474 I,
769 2427 786 2465 1
823 2423 966 2477 (1832)
1007 2435 1046 2476 p.
1080 2425 1161 2465 334
1199 2434 1248 2464 ex
1288 2420 1447 2464 cartula
1484 2420 1728 2463 Treverensi
1766 2431 1866 2473 qua-

244 2498 339 2540 dam
361 2497 500 2540 affert:
532 2497 723 2551 visserie3
755 2497 1003 2548 Lachmann,
1035 2495 1180 2549 fragm.
1203 2495 1295 2547 tria,
1327 2495 1380 2536 II.
1414 2497 1488 2535 66:
1520 2494 1646 2541 visse3
1679 2494 1731 2547 gl.
1764 2493 1859 2535 Jun.

243 2571 292 2613 D.
323 2584 362 2625 p.
396 2574 498 2613 268:
529 2570 737 2622 drossela3
767 2568 982 2613 Elisabeth
1016 2569 1095 2623 (ed.
1128 2569 1288 2621 Rieger.
1333 2567 1469 2620 1868.)
1502 2579 1538 2608 v.
1574 2569 1702 2608 2727:
1735 2566 1863 2608 disse-

243 2645 383 2697 gader.
418 2647 458 2699 2)
492 2646 535 2686 εἰ
559 2658 633 2698 pro
659 2660 678 2686 e
707 2649 876 2699 propter
897 2645 1209 2698 metaphonesin
1241 2648 1345 2687 orta.
1378 2643 1449 2687 cfr.
1481 2634 1653 2697 gramm.
1686 2643 1735 2684 1³.
1772 2645 1863 2694 185,

246 2719 295 2762 G.
327 2719 571 2762 Grimmium
603 2720 656 2762 ad
685 2719 871 2762 Konradi
903 2719 1064 2762 Silvest.
1102 2732 1141 2772 p.
1174 2718 1243 2761 IV.
1277 2719 1318 2771 3)
1351 2717 1394 2758 ei
1425 2730 1499 2770 pro
1541 2717 1587 2768 ie,
1628 2717 1670 2758 id
1700 2717 1809 2768 quod
1840 2728 1865 2757 a

243 2795 281 2837 J.
315 2793 514 2837 Grimmio
548 2793 735 2846 (gramm.
777 2791 827 2833 I.3
858 2791 969 2845 262.)
1008 2791 1142 2833 minus
1182 2794 1293 2834 recte
1332 2791 1403 2832 uni
1444 2789 1679 2832 Godofredo
1718 2790 1864 2843 Hagen

244 2867 477 2912 Coloniensi
499 2867 679 2910 adscribi
698 2869 812 2920 puto,
842 2866 1026 2909 eiusdem
1048 2866 1156 2908 enim
1186 2865 1246 2908 rei
1267 2865 1444 2919 plurima
1473 2864 1647 2918 praebet
1678 2863 1864 2916 exempla

243 2942 567 2997 fragmentorum
597 2953 622 2982 a
653 2940 916 2982 Lachmanno
948 2939 1151 2982 editorum
1190 2939 1395 2994 particula
1433 2938 1568 2991 tertia,
1607 2950 1713 2993 quae
1745 2934 1865 2979 Karl-
