2225 3427
1822 309 1868 348 11

253 447 301 484 w,
332 434 530 484 sequente
561 447 601 486 u,
631 435 706 475 aut
736 432 896 475 duabus
927 434 1001 474 aut
1021 431 1154 474 tribus
1177 446 1203 471 u
1223 431 1418 474 adhibitis
1440 443 1634 484 expressa
1663 433 1747 481 est;
1777 434 1872 483 post

254 519 274 545 s
304 504 546 558 plerumque
577 518 660 548 una
690 520 718 546 u
748 505 883 560 posita
912 503 1180 559 significatur.
1218 504 1326 546 idem
1368 504 1431 547 vel
1461 504 1553 547 aliis
1583 503 1684 547 locis
1714 502 1870 546 factum

254 582 338 621 est:
369 578 555 623 muluerf
584 583 677 631 123,
707 578 835 621 milua
865 581 958 628 323,
989 578 1219 621 ualoubrkx
1258 581 1351 630 251,
1387 578 1573 621 bazzoua
1612 581 1705 629 353,
1745 577 1870 619 etiam

253 652 295 694 in
315 640 607 696 vocabulorum
637 652 787 694 initiis:
819 651 1071 694 uacrhaldra
1093 654 1157 703 31,
1190 651 1412 694 uintbrand
1444 654 1510 693 99.
1543 654 1714 693 extrusa
1743 653 1808 692 est
1835 664 1871 689 w

253 726 296 768 in
326 739 580 770 cruocuaren
610 727 705 778 491,
737 728 916 769 untreua
939 727 1033 775 579,
1064 725 1264 768 zuiuaren
1288 728 1381 767 754.
1414 724 1561 767 adiicio
1583 725 1772 776 denique,
1802 734 1869 765 vo-

254 797 444 842 cabulum
464 786 597 842 'mana
628 798 750 841 affixa
787 814 823 839 w
858 799 966 841 hunc
996 799 1037 841 in
1066 797 1233 841 modum
1262 798 1344 852 legi
1375 802 1475 841 254:
1507 809 1726 850 manauua„
1758 797 1869 851 quod

252 873 456 925 quomodo
489 873 690 927 explicem
720 885 802 916 non
831 873 975 916 habeo.

367 1091 570 1134 Converto
598 1073 666 1135 me
696 1092 749 1134 ad
779 1092 940 1135 vocales
970 1091 1318 1145 contemplandas,
1353 1103 1459 1144 quae
1489 1094 1690 1145 quantum
1720 1102 1745 1132 a
1773 1101 1870 1132 vere

254 1163 480 1206 Theodisco
509 1176 589 1206 usu
619 1164 796 1214 distent,
832 1165 1046 1207 enarrabo.
1086 1179 1113 1204 a
1143 1167 1333 1217 correpta
1363 1166 1561 1217 sequente
1592 1163 1623 1213 i,
1664 1161 1871 1204 nonnullis

256 1236 356 1280 locis
395 1249 475 1280 non
506 1241 570 1280 est
599 1237 641 1279 in
680 1251 700 1277 e
729 1240 909 1279 mutata:
947 1237 1129 1280 hasselin
1161 1240 1264 1289 226,
1299 1236 1593 1290 fornantigenu
1635 1238 1737 1284 389,
1777 1237 1871 1283 395,

253 1311 424 1364 gransin
465 1314 558 1364 506,
590 1311 794 1365 gesamini
827 1314 920 1363 590,
960 1311 1103 1364 gransi
1142 1313 1235 1363 665,
1273 1310 1497 1364 gesarauui
1536 1310 1630 1361 714,
1669 1308 1869 1351 uuntdra-

255 1383 326 1437 gili
357 1386 450 1426 768.
483 1383 591 1427 idem
613 1383 854 1438 plerumque
874 1395 953 1426 usu
977 1383 1149 1426 venitin
1169 1383 1339 1426 vocibus
1364 1383 1403 1425 in
1426 1383 1489 1425 ari
1512 1382 1769 1433 exeuntibus,
1800 1381 1871 1424 ubi

254 1471 273 1496 e
301 1457 366 1501 his
395 1460 557 1498 tantum
587 1457 688 1499 locis
718 1456 991 1510 deprehendi:
1023 1457 1202 1498 duchera
1244 1457 1334 1507 163,
1367 1468 1614 1508 spareuuere
1638 1459 1728 1507 181,
1758 1455 1869 1507 luge-

252 1529 338 1570 neri
369 1532 462 1571 897.
494 1541 589 1570 nam
621 1531 854 1581 correptam
884 1540 975 1570 esse
1005 1529 1110 1571 hanc
1143 1543 1189 1580 a,
1229 1528 1486 1570 demonstrat
1514 1527 1646 1570 forma
1680 1527 1871 1569 hileiche-

252 1602 426 1643 machz'ri
457 1605 550 1642 657.
582 1602 731 1643 deinde
762 1616 789 1640 a
820 1602 862 1642 in
893 1601 1061 1642 modum
1090 1601 1296 1643 inferioris
1327 1601 1572 1643 Germaniae
1603 1601 1802 1652 (Gramm.
1826 1600 1871 1641 Ι3

251 1687 291 1728 p.
333 1675 431 1726 254)
468 1674 602 1728 posita
640 1677 704 1718 est
737 1687 812 1728 pro
852 1688 872 1715 e
901 1677 1072 1728 propter
1110 1674 1238 1717 clasin
1268 1673 1513 1727 (brechung)
1552 1675 1670 1716 nata:
1710 1672 1872 1725 alpant·

254 1748 351 1790 bein
383 1747 447 1799 70,
479 1759 644 1790 uuaruo
668 1750 760 1790 697.

365 1836 392 1861 a
426 1821 551 1874 longa
588 1824 732 1863 manet
772 1825 1065 1875 praeterquam
1108 1823 1217 1875 quod
1254 1822 1295 1864 in
1335 1822 1503 1864 cesekar
1533 1824 1587 1863 24
1627 1821 1715 1874 (cfr.
1747 1820 1872 1862 etiam

253 1896 391 1936 annot.
414 1893 466 1935 ad
491 1894 545 1946 1.)
576 1893 881 1947 metaphonesis
913 1893 1106 1946 (umlaut)
1128 1894 1262 1937 locum
1283 1894 1420 1937 habet.
1444 1894 1562 1937 *addo
1584 1897 1735 1942 cetera,
1766 1905 1873 1947 quae

253 1968 305 2009 de
341 1966 623 2019 metaphonesi
663 1967 838 2008 dicenda
875 1971 983 2008 sunt.
1024 1981 1052 2006 u
1089 1967 1213 2019 longa
1242 1968 1282 2008 in
1324 1967 1369 2007 iu
1404 1971 1564 2009 mutata
1593 1971 1657 2009 est
1686 1967 1747 2007 in:
1778 1965 1871 2007 fiuli

253 2040 347 2088 212,
377 2039 543 2092 gelz‘uru
567 2041 647 2081 619
671 2039 780 2091 (vide
810 2041 980 2093 notam).
1012 2053 1087 2083 nec
1117 2041 1254 2101 brevis
1277 2056 1304 2081 u
1332 2041 1645 2093 metaphonesin
1675 2052 1872 2094 respuere

251 2113 435 2154 videtur:
466 2112 525 2154 ita
554 2112 663 2155 enim
695 2113 852 2166 explico
883 2113 1083 2166 stirnilpd,
1103 2117 1196 2156 303.
1229 2125 1431 2166 nusquam
1453 2126 1551 2156 sane
1572 2113 1751 2156 occurrit
1769 2113 1871 2155 haec

253 2198 354 2235 vox,
394 2184 466 2227 sed
496 2188 661 2238 praesto
696 2189 760 2228 est
797 2186 933 2227 sturni
963 2190 1007 2228 et
1036 2187 1205 2229 verbum
1237 2186 1424 2238 stornem
1469 2187 1628 2239 itaque,
1674 2190 1721 2228 ut
1750 2186 1871 2237 mitti,

252 2258 393 2310 mittil,
424 2257 603 2300 mittilod
616 2258 685 2311 (i),
727 2259 793 2300 hic
823 2260 943 2301 ordo:
984 2260 1139 2308 sturni,
1178 2261 1346 2308 sturnil,
1384 2260 1587 2301 sturnilod
1625 2259 1871 2301 statuendus

239 2330 327 2373 est.
360 2331 531 2373 eandem
563 2332 874 2385 metaphonesin
904 2344 1080 2385 agnosco
1111 2333 1153 2374 in
1183 2333 1345 2386 uurppi,
1376 2346 1450 2385 pro
1486 2345 1568 2386 quo
1598 2332 1741 2385 uuippi
1772 2331 1870 2373 scri-

253 2403 432 2446 bendum
469 2415 559 2446 esse
597 2416 744 2448 censeo
795 2405 931 2459 (325),
968 2417 1218 2459 quamquam
1257 2418 1337 2449 non
1376 2417 1499 2459 neg0,
1543 2405 1669 2448 etiam
1717 2404 1869 2458 uueppi

250 2487 371 2529 posse
401 2476 576 2518 restitui.
609 2477 778 2518 tertium
809 2478 1039 2531 exemplum
1069 2478 1241 2531 praebet
1271 2478 1544 2519 adhumtuz'tti
1566 2477 1664 2519 696.
1697 2478 1871 2530 vestigia

251 2548 427 2602 denique
456 2549 797 2602 metaphoneseos
828 2551 974 2604 longae
996 2565 1018 2591 0
1049 2551 1185 2593 inveni
1203 2550 1277 2593 ¹in:
1309 2551 1539 2593 troz'stanne
1571 2555 1664 2592 471.
1698 2555 1871 2593 cunctae

250 2622 328 2663 hae
349 2620 672 2674 significationes
694 2623 853 2675 docent,
885 2623 1196 2677 metaphonesin
1223 2624 1334 2666 illam
1357 2624 1523 2677 quidem
1543 2623 1869 2677 pronunciatam,

250 2694 432 2736 nondum
462 2707 560 2736 vero
591 2695 633 2736 in
663 2696 879 2738 scribendo
919 2695 998 2738 fixo
1039 2697 1177 2749 aliquo
1212 2698 1329 2749 signo
1373 2697 1509 2738 notari
1548 2699 1734 2749 coeptam
1765 2708 1867 2737 esse.

251 2766 506 2821 metaphosin
536 2767 764 2811 anomalam
802 2771 904 2823 puto
943 2769 1089 2813 adesse
1127 2769 1169 2812 in
1199 2768 1462 2826 xzfrxxfllkn
1498 2772 1599 2819 275,
1637 2781 1731 2812 cum
1761 2767 1869 2811 unde

250 2840 353 2883 haec
382 2853 461 2882 vox
490 2841 568 2883 nisi
599 2853 623 2883 a
646 2838 816 2883 ‘wallan’
846 2843 971 2885 verbo
1002 2842 1226 2885 derivanda
1255 2844 1321 2895 sit,
1352 2843 1545 2886 nesciam.

363 2913 566 2969 Adiungo,
596 2925 702 2969 quae
732 2915 783 2958 de
813 2915 912 2959 clasi
931 2917 1082 2959 notavi.
1113 2928 1236 2971 quam
1257 2917 1481 2972 superioris
1502 2917 1751 2961 Germaniae
1772 2929 1867 2960 con·
