2225 3427
169 854 349 930 Ineunte
369 887 546 940 proximi
561 888 657 930 anni
678 900 774 930 vere
795 901 819 930 a
840 887 1155 940 Muellenhoffio,
1188 892 1458 942 praeceptore
1479 901 1637 932 summe
1668 903 1785 932 vene-

170 958 299 1001 rando
329 960 428 1002 mihi
457 960 636 1003 traditae
665 964 773 1014 sunt,
812 962 961 1015 quibus
1001 962 1184 1004 studium
1224 974 1430 1014 navarem,
1470 962 1632 1016 glossae
1662 974 1785 1016 quae-

173 1032 267 1074 dam
297 1033 550 1076 Theodiscae
581 1034 635 1076 ad
664 1034 838 1087 Vergilii
868 1035 1050 1077 carmina
1089 1035 1334 1088 adscriptae.
1374 1039 1538 1076 exstant
1567 1035 1609 1077 in
1638 1036 1782 1077 biblio-

171 1105 315 1150 thecae
344 1106 564 1162 imperialis
601 1107 845 1151 Parisiensis
883 1108 1022 1152 codice
1062 1108 1202 1160 latino,
1241 1109 1311 1162 qui
1349 1122 1461 1152 nunc
1495 1109 1682 1167 signatus
1722 1112 1786 1152 est

172 1193 342 1222 numero
382 1184 511 1232 9344,
551 1181 648 1222 olim
686 1182 913 1224 vocabatur
945 1179 1221 1235 ‘supplement
1259 1182 1360 1224 latin
1401 1180 1503 1225 683’.
1557 1186 1621 1225 est
1657 1182 1786 1226 codex

171 1254 519 1306 membranaceus,
552 1256 701 1298 saeculi
732 1256 947 1306 undecimi,
979 1256 1135 1298 formae
1156 1257 1375 1304 maximae,
1407 1257 1590 1298 continet
1618 1260 1786 1308 praeter

172 1327 341 1381 Vergilii
371 1340 507 1382 opera,
538 1341 645 1382 quae
673 1329 836 1372 initium
856 1330 1026 1383 capiunt
1054 1329 1107 1373 ab
1138 1328 1303 1382 eclogae
1323 1329 1493 1383 quintae
1524 1340 1646 1371 versu
1677 1328 1787 1383 vige-

173 1401 276 1442 simo
316 1405 481 1444 octavo:
514 1399 741 1444 ‘interitum
777 1400 1040 1454 montesque,
1078 1403 1175 1445 inde
1213 1416 1238 1444 a
1267 1402 1363 1444 folio
1397 1405 1470 1444 191
1515 1402 1639 1443 etiam
1662 1399 1787 1442 ‘Pris-

174 1474 281 1516 ciani
310 1473 353 1516 in
382 1473 467 1516 XII
495 1474 791 1529 principalibus
829 1474 1017 1517 versibus
1055 1474 1259 1518 Aeneidos
1297 1472 1545 1518 tractatum'.
1577 1474 1785 1527 pertinent

172 1548 334 1601 glossae
364 1548 418 1590 ad
438 1548 643 1599 Bucolica,
674 1549 892 1601 Georgica,
922 1549 1127 1592 Aeneidos
1157 1548 1282 1591 libros
1305 1549 1445 1590 decem
1476 1548 1646 1601 priores,
1677 1548 1786 1600 prin·

173 1620 277 1674 cipio
315 1621 479 1675 quidem
513 1621 687 1676 singulis
717 1623 885 1666 vocibus
916 1623 1111 1675 adiectae,
1142 1625 1286 1676 postea
1315 1634 1411 1664 vero
1442 1621 1661 1664 maximam
1691 1633 1785 1673 par-

172 1698 255 1736 tem
285 1694 327 1735 in
357 1694 544 1748 margine
574 1698 752 1748 utroque
788 1699 968 1738 notatae.
1008 1707 1128 1737 voces
1165 1695 1240 1736 has
1269 1694 1501 1736 theodiscas
1532 1706 1639 1736 anno
1675 1696 1780 1735 1865

170 1765 220 1808 G.
251 1766 437 1810 Frohner
467 1768 699 1822 descripsit,
737 1772 894 1822 postea,
934 1781 1027 1811 cum
1064 1768 1165 1822 ipse,
1204 1767 1296 1810 aliis
1325 1768 1366 1809 in
1398 1767 1546 1809 studiis
1577 1767 1783 1815 detentus,

171 1840 319 1882 edendi
347 1831 568 1893 negotium*
589 1842 798 1895 suscipere
827 1842 964 1893 nollet,
996 1841 1049 1884 ad
1081 1840 1338 1884 Simrockum
1368 1840 1528 1882 detulit.
1577 1840 1689 1891 Quas
1719 1839 1781 1880 vir

169 1912 237 1955 ille
266 1913 517 1956 clarissimus
547 1927 597 1957 ea
626 1927 709 1968 qua
739 1928 838 1969 erga
868 1915 1021 1958 amicos
1051 1915 1183 1957 utitur
1212 1914 1411 1957 facilitate
1441 1914 1568 1956 animi
1597 1913 1784 1956 humani-

171 1990 339 2041 tateque
377 1987 483 2030 dono
514 1988 613 2030 dare
643 1988 755 2031 haud
787 1993 1007 2031 cunctatus
1037 1991 1101 2031 est
1130 1986 1449 2040 Muellenhoffio‚
1482 1987 1599 2030 cuius
1638 1989 1787 2039 rogatu

172 2062 305 2104 denuo
345 2061 398 2104 ab
426 2062 604 2103 Ernesto
634 2062 814 2104 Martino
836 2066 934 2104 sunt
953 2063 1127 2104 collatae
1147 2066 1387 2114 auctaeque.
1420 2061 1580 2112 aliquot
1609 2059 1787 2111 denique

170 2134 271 2176 locis
300 2133 341 2175 in
371 2146 507 2176 meum
539 2145 658 2176 usum
699 2135 1024 2187 manuscriptum
1063 2133 1241 2188 inspexit
1269 2134 1355 2176 Jos.
1396 2132 1573 2175 Herzius
1614 2131 1788 2183 amicus,

171 2208 242 2260 qui
273 2220 381 2250 nunc
409 2208 579 2250 Parisiis
609 2212 812 2250 versatur.

286 2280 368 2323 Sed
406 2283 627 2334 antequam
671 2281 724 2324 ad
773 2281 848 2324 has
886 2282 998 2334 ipsas
1028 2280 1187 2334 glossas
1224 2279 1560 2333 contemplandas
1606 2283 1786 2331 transe0,

173 2354 354 2397 breviter
385 2354 436 2397 de
467 2356 616 2399 ceteris
648 2356 1025 2409 interpretamentis
1064 2355 1301 2398 Theodiscis
1331 2355 1385 2397 ad
1416 2354 1643 2408 Vergilium
1674 2365 1788 2406 spec-

171 2427 368 2479 tantibus,
398 2439 505 2480 quae
533 2429 698 2482 quidem
738 2428 838 2470 mihi
877 2429 918 2470 in
956 2428 1145 2470 notitiam
1182 2430 1473 2481 pervenerunt,
1512 2438 1647 2479 agam,
1690 2425 1789 2478 quia

172 2504 318 2552 postea
345 2512 638 2554 nonnunquam
669 2513 717 2543 ea
749 2513 1068 2543 commemorare
1098 2503 1265 2543 coactus
1296 2512 1379 2542 ero.

286 2572 600 2615 Vetustissimae
631 2585 703 2616 eae
731 2574 893 2626 glossae
920 2573 1018 2614 mihi
1051 2573 1240 2615 videntur
1269 2583 1371 2623 esse,
1403 2583 1510 2623 quae
1539 2571 1581 2612 in
1611 2570 1787 2612 vocabu-

170 2644 273 2687 lario
312 2644 605 2688 Selestadiensi
651 2647 779 2700 (apud
823 2647 1061 2699 Hauptium
1102 2646 1168 2698 V.)
1215 2648 1376 2687 sextum
1420 2644 1552 2687 locum
1599 2643 1788 2686 obtinent

171 2729 357 2772 quasque
386 2718 469 2761 iam
514 2718 563 2761 G.
605 2719 970 2774 Wackernagelius
1007 2718 1302 2762 animadvertit
1346 2718 1521 2760 maxime
1562 2716 1614 2758 ad
1645 2714 1788 2769 Vergi-

171 2791 271 2834 lium
299 2792 520 2846 pertinere.
552 2805 658 2847 quae
679 2794 864 2847 quamvis
893 2806 1025 2845 nunc,
1045 2793 1087 2834 in
1108 2792 1293 2835 ordinem
1313 2790 1617 2845 alphabeticum
1647 2790 1787 2832 redac-

173 2869 254 2915 tae,
292 2865 482 2918 glossarii
519 2865 693 2909 formam
729 2878 828 2919 prae
866 2879 911 2909 se
949 2865 1097 2918 ferant,
1135 2863 1258 2907 facile
1298 2868 1435 2906 tamen
1466 2869 1530 2906 est
1559 2863 1612 2905 ad
1641 2862 1788 2905 intelli·

174 2939 367 2991 gendum,
407 2938 598 2981 collectas
638 2952 707 2982 eas
751 2952 842 2982 esse
887 2953 937 2982 ex
973 2940 1111 2982 codice
1153 2939 1290 2992 aliquo
1330 2938 1578 2990 Vergiliano,
1623 2936 1665 2977 in
1705 2947 1786 2989 quo

1500 3007 1514 3038 1
