2225 3427
763 724 1329 785 ANNOTATIONES.

978 862 1116 869 ‘-

327 937 362 981 1)
388 937 542 972 Occurrit
565 936 668 970 semel
691 937 800 970 forma
832 936 949 970 literae
981 947 1000 970 c
1024 936 1196 970 simillima
1226 937 1346 970 literae
1376 936 1400 976 1,
1433 947 1453 968 a
1476 947 1542 980 qua
1564 935 1630 969 nisi
1658 934 1780 969 lineola
1813 934 1856 968 ad

234 1000 336 1038 caput
372 995 486 1027 adfixa
517 1004 583 1025 non
616 992 854 1036 distinguitur:
890 992 1050 1036 scriptum
1082 994 1171 1025 enim
1208 997 1260 1025 est
1291 994 1354 1027 241
1396 981 1461 1036 gi(
1459 993 1484 1024 il
1507 992 1585 1034 (501
1621 991 1760 1034 praebet
1796 1001 1855 1024 co-

234 1051 299 1083 dex
324 1050 431 1094 gicil).
457 1059 525 1094 qua
547 1050 654 1082 forma
677 1049 830 1082 adhibita
851 1059 915 1082 nec
937 1060 1004 1083 non
1023 1050 1121 1082 litera
1143 1060 1166 1081 n
1190 1049 1224 1081 in
1249 1049 1271 1081 h
1289 1053 1427 1088 mutata,
1444 1048 1578 1081 evadit.-
1601 1047 1685 1081 cehe
1703 1053 1853 1080 steccon.

233 1106 381 1140 conferre
404 1106 486 1140 licet
509 1106 718 1140 vocabularii
743 1106 862 1140 Selest.
887 1106 977 1139 sexti
998 1106 1148 1149 glossam
1171 1106 1238 1141 347
1264 1106 1306 1138 ad
1329 1110 1482 1138 nostrum
1512 1104 1604 1136 hunc
1642 1103 1753 1137 locum
1778 1114 1854 1147 per-

232 1163 414 1196 tinentem:
439 1162 548 1196 lentas
565 1163 679 1196 hastas
695 1163 782 1196 zaha
799 1164 914 1197 scafta.
1000 1163 1036 1205 3)
1059 1163 1152 1195 Mhd.
1178 1163 1243 1196 wb.
1269 1162 1310 1195 11.
1337 1163 1369 1201 2,
1394 1162 1438 1197 25
1448 1163 1478 1195 b.
1571 1160 1607 1203 4)
1631 1159 1854 1193 VG1.thisti1.

234 1217 290 1261 13)
313 1217 407 1251 Mhd.
439 1218 503 1251 wb.
533 1218 574 1252 ΙΙ.
600 1219 632 1262 2,
660 1218 763 1255 6531).
862 1219 916 1261 14)
947 1219 1062 1252 eadem
1088 1230 1155 1263 qua
1186 1224 1265 1252 ante
1288 1218 1406 1251 literae
1431 1228 1450 1250 c
1481 1218 1587 1250 forma
1614 1217 1669 1249 usi
1703 1216 1855 1249 elicimus

233 1274 408 1313 scalteihi‚
443 1285 531 1317 quae
557 1286 624 1307 vox
648 1274 746 1308 obvia
770 1280 820 1307 est
843 1275 888 1317 gl.
913 1274 991 1307 Jun.
1017 1274 1060 1308 D.
1087 1286 1119 1317 p.
1145 1274 1212 1309 325
1236 1273 1395 1316 Nyerup:
1434 1273 1502 1306 ilex
1532 1272 1739 1310 scaldeicb03
1775 1282 1855 1304 ean—

234 1330 307 1363 dem
332 1329 436 1364 facile
460 1331 669 1364 restituimus
694 1330 780 1366 231:
814 1330 971 1364 aesculus
1004 1329 1142 1370 slaheic‚
1174 1340 1263 1370 cum,
1297 1329 1388 1373 quod
1411 1329 1438 1361 lt
1461 1339 1521 1371 pro
1544 1328 1567 1360 h
1600 1329 1767 1371 ponimus,
1801 1327 1857 1360 vix

233 1385 429 1420 coniectura
451 1388 558 1430 possit
582 1386 759 1430 appellari.
785 1387 863 1422 849.
886 1397 963 1420 vero
987 1388 1023 1419 in
1046 1386 1181 1430 glossa:
1206 1386 1288 1419 ilice
1312 1385 1468 1419 slateichi
1492 1385 1688 1418 lexcidisse
1706 1385 1851 1418 videtur.

235 1442 291 1485 15)
316 1442 458 1476 Servius
485 1453 514 1477 a.
539 1443 575 1476 h.
599 1443 627 1475 l:
655 1443 697 1476 ad
722 1443 894 1487 Cortynia,
919 1444 978 1477 ubi
994 1443 1128 1477 fuerant.
1142 1443 1322 1486 aliquando
1339 1443 1419 1475 solis
1437 1448 1595 1475 armenta.
1687 1441 1745 1483 25)
1769 1440 1854 1474 VGl.

232 1499 335 1533 huliz.
429 1500 489 1541 27)
515 1499 661 1532 Graffius
693 1499 765 1542 (tv.
792 1500 880 1535 1073
913 1502 1002 1543 sqq.)
1033 1499 1130 1533 affert
1162 1501 1283 1532 formas
1315 1499 1412 1531 hizza
1440 1504 1474 1532 et
1502 1498 1604 1538 heizi;
1641 1504 1789 1531 nostram
1820 1499 1855 1530 in

234 1555 377 1588 dialecto
394 1557 554 1588 saxonica
579 1557 707 1598 reperi:
733 1555 820 1597 hirti,
838 1557 957 1598 psalm.
978 1558 1032 1596 18,
1057 1558 1087 1592 7.
1182 1557 1242 1597 29)
1267 1556 1329 1588 hoc
1346 1562 1412 1588 est:
1435 1555 1603 1598 bisingon.
1695 1555 1754 1596 30)
1770 1554 1856 1587 VGl.

233 1622 325 1645 ruaz.
418 1612 476 1654 31)
501 1611 631 1644 scilicet
666 1612 862 1647 uachaldra.
894 1613 964 1646 tale
985 1619 1003 1649 ι-
1028 1624 1090 1656 pro
1115 1612 1136 1644 h
1161 1613 1389 1656 suprascripta
1414 1612 1504 1645 haud
1527 1612 1721 1655 infrequens
1744 1617 1797 1644 est
1820 1611 1855 1643 in

232 1667 472 1711 manuscriptis
497 1667 575 1700 inde
598 1679 618 1700 a
642 1668 777 1701 saeculo
801 1669 862 1701 XI.
954 1669 1014 1712 38)
1038 1669 1122 1702 haec
1149 1669 1322 1701 annotatio
1347 1670 1383 1701 in
1409 1669 1563 1712 margine
1589 1668 1631 1700 ad
1654 1678 1787 1700 versum
1812 1668 1855 1702 62

234 1725 404 1768 asscripta
427 1729 486 1756 est.
511 1724 601 1768 apud
626 1723 779 1757 Servium
804 1725 870 1767 (ed.
895 1724 1006 1767 Lion.)
1034 1724 1119 1757 nihil
1143 1724 1257 1757 inveni
1281 1725 1347 1757 nisi
1372 1725 1435 1757 hoc
1466 1725 1508 1757 ad
1532 1723 1675 1767 eclogae
1709 1723 1854 1766 primum

232 1792 365 1815 versum
384 1776 599 1814 annotatum:
625 1782 717 1825 apud
730 1782 949 1815 Theocritum
966 1786 1017 1815 est
1032 1792 1100 1814 una
1114 1781 1244 1826 ecloga,
1258 1792 1344 1825 quae
1360 1776 1552 1825 appellatur
1565 1778 1855 1825 φαρμακεύτρια.

232 1838 293 1881 39)
315 1838 449 1881 glossae
472 1838 517 1870 ad
531 1838 688 1871 Heinrici
706 1840 927 1872 summarium
944 1839 1100 1872 German.
1118 1837 1180 1871 IX.
1197 1850 1230 1882 p.
1249 1839 1304 1880 28,
1321 1838 1384 1874 951>
1403 1839 1587 1882 praebent:
1612 1838 1692 1872 vitte
1711 1838 1856 1870 walken.

233 1894 413 1927 cohaerere
448 1899 530 1937 puto
556 1904 675 1927 vocem
702 1895 867 1928 walchart
891 1894 1023 1928 Servat.
1047 1895 1113 1930 594
1138 1900 1172 1927 et
1188 1900 1366 1938 utramque
1383 1895 1602 1927 derivandam
1619 1905 1694 1927 esse
1717 1905 1737 1926 a
1753 1893 1856 1927 verbo

234 1950 369 1997 walgen
394 1950 429 1983 id
454 1955 505 1983 est
528 1951 662 1983 moveri.
738 1951 797 1993 40)
821 1951 911 1994 apud
936 1950 1096 1984 Graffium
1120 1951 1161 1994 (l.
1186 1951 1268 1992 491)
1292 1957 1354 1994 =est
1384 1951 1517 1984 isarna:
1551 1952 1610 1983 sed
1642 1951 1730 1983 inter
1759 1949 1858 1982 isena

234 2011 268 2039 et
299 2006 412 2039 iserna
445 2006 563 2039 eadem
600 2006 775 2039 intercedit
804 2007 1015 2040 necessitudo
1052 2018 1137 2050 quae
1169 2007 1203 2039 in
1237 2007 1385 2040 Conradi
1424 2007 1465 2040 de
1499 2006 1679 2040 Ruolando
1710 2007 1857 2039 carmine

234 2074 268 2106 p.
296 2062 371 2103 135,
396 2063 417 2098 3
442 2062 529 2096 inter
548 2061 623 2097 ‘mit
647 2064 795 2097 iseninen
823 2062 963 2098 banden’
988 2065 1110 2098 codicis
1126 2064 1154 2097 P
1172 2069 1206 2098 et
1225 2062 1301 2097 ‘mit
1319 2065 1490 2097 iserninen
1506 2062 1649 2096 banden’
1675 2063 1802 2096 codicis
1819 2063 1856 2095 A.

233 2119 293 2161 41)
318 2119 403 2152 haec
428 2120 532 2153 forma
555 2120 628 2153 sola
651 2126 764 2153 nostro
789 2126 1007 2154 monumento
1038 2120 1198 2164 probatur
1230 2121 1301 2161 (cfr.
1327 2120 1405 2160 205,
1430 2121 1507 2161 479,
1533 2120 1624 2162 733),
1658 2131 1743 2163 quae
1778 2130 1856 2163 pro-

233 2176 311 2219 pius
335 2176 378 2209 ad
404 2176 702 2222 anglosaxonicam
729 2182 763 2210 et
785 2176 956 2211 borealem
971 2177 1139 2222 (gealdor3
1163 2177 1278 2221 galdr)
1294 2188 1395 2221 quam
1415 2177 1457 2210 ad
1474 2177 1682 2210 theodiscam
1696 2176 1858 2220 (galstar)

234 2232 368 2266 accedit
406 2233 596 2267 dialectum.
700 2233 759 2277 47)
784 2234 806 2266 l.
838 2239 1005 2278 gartsanc.
1040 2235 1099 2267 cfr.
1136 2234 1204 2270 900
1237 2239 1454 2278 gartsangon.
1558 2234 1618 2277 48)
1642 2234 1730 2267 VGl.
1763 2234 1858 2267 canis

234 2289 387 2324 braccas.
447 2289 506 2332 52)
520 2290 666 2324 Graffius
692 2291 880 2335 compositi,
893 2302 961 2324 non
984 2290 1146 2334 simplicis
1170 2291 1265 2324 verbi
1287 2290 1445 2334 exempla
1463 2291 1560 2324 affert
1582 2289 1656 2333 (IV.
1685 2291 1773 2333 142).
1799 2291 1857 2324 sed

238 2347 368 2387 eodem,
394 2358 460 2390 quo
484 2347 554 2386 hic,
578 2348 651 2380 loco
676 2350 825 2381 occurrit
848 2348 991 2392 simplex
1014 2348 1049 2380 in
1074 2349 1121 2391 gl.
1140 2348 1208 2381 Sel.
1233 2350 1265 2388 6,
1289 2349 1373 2383 572:
1399 2354 1545 2391 strepere
1561 2348 1718 2391 gakicen.
1744 2349 1859 2381 confer

233 2407 410 2446 praeterea
433 2402 529 2436 Mhd.
563 2403 628 2437 wb.
654 2404 680 2438 I.
706 2404 812 2445 457⁵,
837 2405 970 2448 glossas
1001 2404 1093 2449 apud
1122 2403 1235 2444 Mone,
1268 2406 1425 2448 anzeiger
1448 2404 1530 2437 VIII
1572 2405 1689 2447 (1839)
1714 2417 1746 2448 p.
1772 2405 1857 2440 396:

233 2459 417 2503 gracillare
433 2459 518 2492 sicut
532 2459 659 2503 gallina
674 2460 812 2504 gahzen.
894 2461 953 2504 58)
969 2461 991 2495 1.
1008 2461 1222 2505 gfuukchxn.
1305 2461 1363 2503 62)
1387 2461 1472 2494 vol.
1491 2461 1583 2494 atuh.
1666 2462 1725 2503 64)
1742 2463 1857 2495 nescio

236 2526 278 2548 an
303 2520 432 2559 puncto
457 2516 546 2548 inter
569 2527 586 2548 r
609 2521 643 2548 et
666 2516 688 2549 b
712 2516 879 2550 collocato
903 2517 1030 2550 vocalis
1054 2517 1069 2549 i
1092 2518 1311 2562 significetur,
1343 2519 1391 2551 ita
1414 2523 1450 2550 ut
1481 2517 1663 2561 legendum
1695 2519 1738 2552 sit
1775 2519 1856 2551 lori-

234 2571 320 2606 beri.
414 2571 472 2614 66)
495 2583 561 2606 vox
584 2582 703 2605 scorza
727 2583 812 2615 quae
836 2573 880 2606 ad
903 2573 1107 2607 latinitatem
1132 2575 1278 2608 mediam
1295 2580 1417 2607 natura
1434 2575 1578 2617 pertinet
1594 2575 1649 2617 (D.
1667 2575 1782 2619 Gange
1807 2577 1858 2609 ed.

235 2628 424 2661 Henschel.
447 2629 505 2662 VI.
528 2639 561 2672 p.
588 2629 698 2664 125⁸:
724 2640 839 2662 scorza
862 2641 930 2663 vox
954 2630 1083 2671 italica,
1108 2635 1235 2669 cortex,
1260 2630 1392 2663 Gallice
1423 2631 1557 2671 ecorce)
1591 2632 1626 2663 in
1652 2632 1858 2665 Batavorum

236 2684 390 2729 linguam
415 2685 614 2728 penetravit,
637 2685 713 2728 (cfr.
737 2685 934 2720 Hoffmanni
962 2687 1046 2720 Hor.
1070 2686 1166 2730 Belg.
1192 2687 1269 2722 vn.
1300 2698 1333 2730 p.
1358 2687 1389 2722 8.
1423 2687 1641 2731 (glossarium
1673 2686 1858 2731 Ber-nense)

235 2752 344 2774 scorse
368 2747 498 2782 cortex,
523 2754 556 2785 p.
583 2744 634 2777 14.
669 2743 793 2776 schille
824 2745 863 2776 of
891 2754 952 2776 een
985 2754 1097 2777 scorse
1129 2748 1258 2783 cortex,
1284 2754 1316 2786 p.
1346 2744 1397 2778 19.
1423 2743 1547 2787 siliqua
1579 2745 1656 2777 draf
1674 2744 1691 2777 1
1715 2745 1858 2787 scortse)

233 2797 293 2832 ubi
330 2798 515 2832 etiamnum
547 2800 714 2842 reperitur
736 2799 1002 2842 (winkelmann,
1035 2799 1184 2835 bolland.
1216 2800 1278 2834 wb.
1315 2812 1348 2844 p.
1384 2801 1496 2836 280⁸:
1536 2801 1660 2841 schors,
1696 2801 1717 2835 f.
1751 2801 1857 2843 rinde,

234 2855 407 2897 schaale.).
461 2861 464 2865 '
485 2856 545 2899 68)
557 2854 698 2899 fiscina,
723 2857 757 2890 in
781 2859 936 2901 margine
959 2860 1084 2901 posita,
1109 2863 1236 2901 spectat
1261 2858 1303 2890 ad
1327 2858 1485 2891 fiscellam
1509 2870 1610 2892 versu
1634 2861 1689 2894 71.
1707 2859 1856 2892 obviam.

234 2911 293 2953 72)
319 2912 452 2946 Servius
477 2913 519 2946 ad
545 2913 667 2957 Georg.
692 2914 719 2945 1.
743 2914 805 2949 58:
831 2918 975 2947 castores
1002 2919 1115 2948 autem
1138 2926 1159 2948 a
1183 2915 1359 2948 castrando
1384 2915 1466 2949 dicti
1490 2921 1581 2949 sunt.
1609 2917 1721 2949 virosa
1745 2922 1858 2950 autem
