2225 3427
1792 321 1843 359 19

218 444 365 485 staune
395 445 489 484 471.
529 442 788 496 participium
828 454 963 496 praes.
996 441 1152 495 primae
1182 440 1482 495 conIugationis
1518 444 1683 494 praeter
1723 441 1837 483 trha-

218 514 344 557 Sindi
377 518 458 557 253
489 516 639 569 legisse
668 528 733 558 me
764 528 847 568 non
875 514 1061 567 memini;
1101 515 1244 556 eadem
1283 515 1488 557 secundae
1527 513 1659 556 forma
1687 514 1772 556 exit
1802 514 1843 555 in

219 586 321 629 endi
346 590 389 631 et
418 586 524 629 ondi
550 589 680 643 (velut
717 588 939 632 smierondi
979 591 1074 640 354,
1113 587 1358 631 smkfrendk
1401 591 1504 640 9253
1544 587 1718 630 ruzondi
1749 590 1844 635 454,

218 661 451 704 ruzzenden
485 663 595 715 502),
628 662 775 705 tertiae
805 662 846 703 in
878 660 1011 702 endis

334 1028 382 1070 In
414 1027 598 1071 eiusdem
629 1026 793 1078 codicis,
823 1027 864 1068 in
895 1040 976 1080 quo
1014 1028 1092 1069 hae
1129 1028 1291 1080 glossae
1331 1026 1595 1080 Vergilianae
1634 1027 1844 1068 continen-

221 1103 302 1150 tur,
342 1099 438 1142 folio
469 1102 521 1141 42
570 1100 737 1141 nomina
766 1098 924 1153 aliquot
952 1099 1187 1153 herbarum,
1228 1100 1436 1151 arborum,
1476 1099 1627 1151 avium,
1664 1097 1845 1142 ferarum

219 1174 419 1226 inscrIpta
458 1178 566 1214 sunt.
599 1174 650 1215 de
679 1174 828 1226 quibus
859 1186 950 1215 cum
980 1175 1232 1216 auditionem
1263 1174 1527 1227 accepissem,
1560 1172 1844 1226 apographum

223 1249 461 1289 accuratum
482 1250 607 1299 atque
628 1250 857 1289 correctum
878 1261 903 1290 a
933 1248 1101 1290 doctore
1122 1248 1347 1290 Michelant
1377 1247 1599 1290 Parisiensi
1629 1246 1847 1299 impetravi

220 1320 290 1361 cui
331 1320 409 1361 hoc
445 1320 534 1361 loco
572 1320 729 1371 gratias
767 1332 844 1372 ago
883 1332 1006 1373 quam
1045 1321 1255 1362 maximas.
1299 1321 1494 1362 brevibus
1535 1318 1846 1362 consonantium

225 1392 511 1446 vocaliumque
541 1392 723 1435 rationes
755 1405 959 1446 exponere
989 1393 1088 1435 mihi
1117 1393 1252 1435 liceat.

339 1539 477 1593 Atque
507 1538 554 1579 D
583 1539 625 1580 in
654 1539 772 1580 initio
810 1539 948 1591 posita*
984 1542 1026 1581 et
1061 1539 1103 1581 in
1141 1539 1275 1581 medio
1317 1538 1426 1580 idem
1466 1539 1575 1590 quod
1608 1551 1704 1580 vere
1734 1538 1846 1580 theo-

223 1612 338 1655 disca
369 1620 384 1652 t
412 1611 542 1664 valet;
574 1612 683 1665 quod
716 1610 746 1652 d
772 1612 813 1653 in
834 1612 1002 1654 vocibus
1024 1610 1128 1654 doru
1158 1612 1383 1663 LXXXIV,
1415 1609 1522 1653 wida
1552 1610 1720 1653 LXXII.
1753 1624 1846 1653 con-

222 1686 414 1729 iunctura
449 1683 510 1726 ml
545 1685 901 1739 respondet-vere
939 1685 1175 1728 theodiscae
1214 1689 1256 1728 et
1298 1693 1344 1725 nt
1374 1688 1415 1727 et
1444 1682 1513 1736 nd,
1559 1685 1627 1738 (de
1658 1682 1846 1727 uurendo

222 1759 374 1812 XXXI,
396 1771 487 1801 cum
519 1762 682 1801 ceterae
712 1758 877 1801 dialecti
906 1759 983 1801 hac
1021 1771 1120 1801 voce
1151 1762 1330 1811 careant,
1370 1757 1469 1800 nihil
1507 1758 1644 1801 dicere
1679 1770 1847 1811 possum

223 1832 302 1874 nisi
334 1831 507 1874 formam
538 1844 704 1874 wrenna
734 1844 858 1886 quam
888 1832 929 1874 in
959 1833 1225 1875 annotatione
1245 1831 1380 1883 attuli,
1410 1831 1707 1882 assimilatione
1737 1830 1849 1873 facta

227 1917 275 1945 ex
307 1908 450 1946 nostra
479 1908 612 1957 ortam
642 1917 732 1946 esse
762 1905 909 1958 videri)
942 1904 988 1947 Id
1015 1918 1110 1948 vere
1140 1905 1378 1948 theodiscae
1410 1903 1453 1945 lt.

346 1978 385 2018 T
407 1981 449 2020 et
478 1978 519 2021 in
549 1978 665 2022 initio
687 1982 729 2022 et
758 1978 799 2021 in
820 1979 953 2022 medio
981 1979 1093 2022 vocis
1116 1979 1360 2022 turtulduba
1389 1979 1487 2022 XIV
1518 1979 1710 2031 occurrit,
1743 1992 1850 2032 quae

229 2065 254 2093 a
282 2052 411 2093 latina
441 2052 582 2104 lingua
611 2053 741 2104 petita
772 2055 848 2103 est,
877 2052 919 2093 in
949 2060 1124 2094 auarata
1146 2052 1277 2093 LXIV
1309 2052 1417 2094 idem
1447 2051 1654 2105 significat
1683 2063 1731 2094 ac
1752 2064 1849 2093 vere

225 2124 438 2168 theodisca
476 2140 508 2176 z,
551 2137 643 2167 cum
684 2125 724 2167 in
771 2125 982 2178 superiore
1020 2124 1241 2168 Germania
1284 2125 1387 2167 haec
1430 2125 1571 2178 planta
1618 2125 1850 2178 appelletur

230 2198 430 2248 ebereiza,
471 2210 595 2251 quam
625 2209 763 2239 vocem
795 2196 973 2239 Graffius
1003 2198 1111 2239 inter
1147 2197 1369 2240 herbarum
1407 2197 1572 2240 nomina
1609 2197 1703 2251 (ΙΙΙ.
1746 2198 1847 2250 865)

226 2270 364 2323 affert,-
393 2283 468 2312 suo
497 2271 587 2313 loco
617 2283 697 2313 non
729 2271 916 2312 inseruit.
948 2271 1103 2312 saeculi
1135 2271 1247 2312 tertii
1279 2271 1424 2312 decimi
1455 2271 1686 2324 exemplum
1719 2270 1847 2313 affero

229 2357 277 2386 ex
308 2343 414 2386 libro
445 2342 618 2386 Sumerl.
653 2347 717 2396 53,
749 2347 794 2386 4:
835 2343 1080 2387 abrotanum
1126 2344 1323 2388 ebereIze.
1363 2344 1634 2388 coniunctura
1665 2343 1697 2385 lt
1727 2344 1849 2387 adest

226 2418 290 2458 in:
323 2416 495 2470 pifultra
527 2417 759 2458 XXXVIII.
790 2417 832 2458 in
861 2416 942 2459 fine
975 2425 990 2457 t
1020 2421 1163 2459 contra
1182 2420 1374 2459 naturam
1406 2421 1470 2459 ter
1499 2417 1660 2459 adiecta
1690 2421 1753 2459 est
1783 2429 1850 2458 vo-

227 2489 373 2533 cabulo
403 2489 533 2532 huon:
565 2489 828 2532 wazzerhunt
857 2490 969 2542 XXI,
1000 2490 1104 2533 hunt
1132 2490 1260 2543 XLV,
1291 2492 1495 2544 rephount
1524 2491 1675 2533 XLVI.
1711 2500 1743 2531 ιι
1773 2504 1850 2533 usu

226 2564 339 2605 venit
367 2563 409 2605 in
439 2563 640 2605 vocabulo
671 2570 778 2605 otter
807 2559 998 2606 XCVIII.

348 2635 434 2677 ΤΗ
451 2636 561 2679 idem
591 2636 776 2680 declarat
805 2638 917 2691 quod
946 2651 1042 2680 vere
1071 2638 1286 2681 theodisca
1318 2637 1365 2679 d:
1407 2630 1645 2680 flethermus
1675 2637 1849 2688 XXVII,

227 2701 421 2763 pethemo
452 2709 620 2752 LXVII.

344 2782 387 2823 Z
409 2787 503 2837 post
533 2783 712 2837 syllabas
744 2787 954 2837 correptas
985 2786 1027 2826 et
1056 2784 1181 2837 dupla
1212 2784 1494 2837 (wazzerhunt
1532 2784 1650 2836 XXI)
1683 2787 1725 2825 et
1755 2784 1851 2824 sim-

229 2856 323 2909 plex
354 2856 504 2908 (nezila
533 2856 723 2909 LXVIII,
754 2856 965 2899 mazaldra
994 2856 1084 2910 XC)
1115 2858 1245 2899 adest.

1529 2995 1581 3031 2*
