2225 3385
280 246 331 285 14

277 369 339 410 ita
367 371 416 410 ut
443 368 485 410 in
515 368 680 411 casibus
710 368 781 421 qui
811 368 956 410 eodem
985 369 1107 410 modo
1136 367 1282 410 finiant
1311 379 1393 420 quo
1436 367 1725 415 nominatim&
1761 378 1828 418 res
1859 367 1901 409 in

277 441 413 485 medio
443 441 498 485 sit
527 439 812 496 relinquenda.

391 589 528 641 Atque
558 588 786 632 masculina
820 587 1105 631 declinationis
1144 587 1265 630 fortis
1304 586 1463 641 primae
1502 599 1595 640 gen.
1635 587 1739 642 sing.
1771 587 1813 630 in
1844 602 1901 640 es,

278 662 363 704 dat.
395 662 437 703 in
468 676 488 702 e
517 661 708 711 formant,
738 662 904 714 nomin,
941 675 1024 705 acc.
1064 662 1118 714 pl.
1162 662 1202 715 1)
1234 661 1275 703 in
1316 676 1364 710 a;
1396 661 1440 716 2)
1469 660 1511 703 in
1542 674 1580 701 e:
1620 659 1776 703 strikke
1810 664 1901 715 156,

277 734 406 777 frosse
441 739 540 786 1743
573 736 614 788 3)
644 735 685 776 in
717 735 754 776 i:
787 735 1079 788 uueidespiezz'
1096 735 1190 776 886.
1222 735 1403 788 genetivi
1422 734 1476 787 pl.
1509 734 1740 785 exemplum
1770 746 1898 777 unum

278 808 552 862 deprehendi:
596 820 720 850 zorno
757 810 853 850 484.
886 807 959 849 dat
994 807 1049 861 pl.
1088 806 1211 850 finem
1252 807 1350 850 facit-
1395 808 1433 861 1)
1471 807 1512 849 in
1556 820 1628 859 0n;
1675 807 1717 860 2)
1748 808 1791 849 in
1825 821 1899 850 un:

277 881 458 934 rkmgoen
489 883 584 931 263,
614 880 759 922 sclxun
790 883 885 931 293,
916 880 1088 933 tepidun
1131 883 1236 931 8353
1275 881 1316 933 3)
1347 879 1388 921 in
1420 893 1486 921 en:
1525 879 1686 932 spizze-n
1725 883 1826 933 225;
1856 882 1899 934 4)

277 953 320 996 in
342 952 405 994 i-n:
435 952 575 1007 ringin
598 956 692 1003 385,
723 952 838 996 lokz'n
862 956 955 1005 546,
987 953 1176 996 scrikkz'n
1197 954 1250 1007 (22)
1273 955 1367 1004 556,
1398 952 1635 1006 blasbalgz'n
1656 956 1736 996 769
1760 954 1900 1007 (quam

277 1038 418 1068 vocem
450 1026 530 1068 huc
560 1025 821 1069 referendam
851 1037 954 1078 esse,
987 1026 1169 1068 ostendit
1200 1025 1351 1068 nomin.
1383 1024 1437 1079 pl.
1470 1025 1683 1080 blasbalga
1714 1028 1825 1081 762).

393 1099 608 1143 Secundae
645 1099 933 1143 declinationis
962 1100 1190 1143 masculina
1210 1103 1386 1142 utuntur
1412 1099 1454 1141 in
1476 1110 1582 1141 nom.
1615 1112 1674 1152 sg.
1706 1100 1827 1142 litera
1859 1100 1899 1151 i,

280 1187 300 1213 e
329 1173 456 1216 semel
486 1173 623 1215 inveni
652 1174 692 1214 in
724 1185 974 1227 spareuuere
1009 1175 1099 1214 181.
1592 1165 1595 1168 ’

391 1247 454 1288 Ex
482 1247 607 1289 tertia
636 1247 911 1288 declinatione
940 1257 1068 1287 unum
1097 1245 1262 1287 obvium
1285 1249 1348 1287 est
1369 1245 1621 1298 exemplum:
1653 1244 1782 1287 frithu
1803 1249 1897 1287 438.

390 1317 621 1361 Masculina
651 1317 939 1361 declinationis
973 1321 1149 1371 quartae
1189 1317 1265 1360 has
1305 1317 1458 1360 formas
1498 1316 1720 1370 praebent:
1761 1320 1897 1371 genet.

278 1403 339 1444 sg.
370 1391 515 1444 pluges
548 1394 640 1443 110,
675 1393 767 1442 116,
800 1390 883 1432 dat.
916 1390 1097 1433 brohche
1139 1394 1233 1443 698,
1271 1403 1378 1433 nom.
1419 1390 1474 1444 pl.
1506 1390 1656 1443 gransz'
1690 1393 1782 1443 665,
1813 1403 1898 1433 acc.

276 1464 332 1516 pl.
363 1464 510 1506 hxrstlc
541 1467 642 1517 7943
674 1464 815 1517 eppele
850 1467 940 1516 153,
971 1463 1086 1517 disge
1117 1466 1210 1516 659,
1241 1464 1325 1506 dat.
1359 1464 1415 1519 pl.
1448 1461 1621 1518 gransz‘n
1653 1466 1746 1506 506.

391 1609 606 1652 Feminina
636 1610 794 1662 primae
825 1609 1110 1652 declinationis
1142 1609 1225 1651 dat.
1257 1622 1317 1662 sg.
1349 1609 1391 1651 in
1430 1624 1458 1649 u
1478 1608 1669 1662 formant,
1702 1609 1829 1652 semel
1860 1609 1900 1651 in

279 1678 475 1724 oz‘haluo
509 1686 603 1735 551,
634 1682 718 1724 dat.
759 1681 814 1734 pl.
850 1684 889 1736 1)
926 1684 967 1724 in
998 1695 1076 1724 un:
1112 1682 1252 1736 gedun
1291 1683 1344 1736 (P)
1394 1685 1486 1734 105,
1525 1694 1685 1724 runsun
1725 1685 1826 1730 8063
1859 1683 1900 1735 2)

281 1756 330 1797 in.
354 1769 425 1797 on:
456 1756 592 1798 bonon
625 1757 678 1809 (Ρ)
713 1760 813 1805 137;
846 1758 887 1808 3)
920 1758 960 1798 in
992 1770 1060 1798 en:
1101 1769 1337 1809 ruzzungen
1376 1759 1470 1797 411.
1502 1767 1586 1798 acc.
1627 1756 1681 1809 pl.
1716 1755 1757 1797 in
1789 1770 1816 1795 a
1846 1779 1898 1785 —

283 1829 485 1880 siquidem
515 1829 594 1871 hae
624 1827 781 1871 formae
811 1842 892 1871 non
923 1828 1164 1871 referendae
1194 1832 1292 1870 sunt
1322 1828 1375 1871 ad
1407 1841 1515 1871 nom.
1553 1829 1656 1882 sing.
1688 1852 1744 1858 —
1774 1827 1899 1870 uuisa

280 1905 344 1950 55,
375 1902 470 1943 siha
499 1904 593 1953 209,
624 1901 806 1954 lozunga
835 1905 931 1950 418,
962 1901 1154 1955 gelegida
1185 1905 1280 1953 425,
1312 1902 1514 1954 uudunga
1543 1905 1638 1943 477.

392 1975 609 2016 Feminina
634 1975 839 2016 secundae
861 1974 1145 2016 declinationis
1166 1977 1335 2016 servant
1354 1974 1375 2014 ί
1399 1978 1442 2016 et
1461 1975 1646 2016 dativum
1667 1974 1722 2027 pl.
1753 1973 1902 2016 finiunt

277 2046 318 2087 in
351 2046 414 2086 in:
445 2046 559 2099 hoin,
590 2046 718 2089 festin
750 2049 846 2089 928.

392 2120 575 2170 Quartae
606 2119 894 2161 declinationis
915 2119 1109 2161 feminina
1139 2120 1341 2172 praebent
1377 2133 1469 2172 gen.
1510 2132 1570 2172 sg.
1609 2120 1649 2161 in
1682 2119 1720 2161 i:
1757 2119 1908 2172 gilustz'

278 2195 373 2244 434,
405 2192 489 2235 dat.
510 2193 628 2235 item:
661 2191 775 2235 eichz'
804 2196 865 2244 14,
897 2196 992 2245 849,
1023 2192 1319 2247 slkngersnurz'
1343 2196 1439 2236 890.
1470 2205 1577 2237 nom.
1610 2205 1694 2237 acc.
1725 2193 1779 2247 pl.
1812 2196 1854 2236 et
1884 2192 1905 2233 i

283 2270 326 2308 et
356 2280 376 2306 e
404 2267 551 2318 (hurde
581 2268 665 2318 85.)
698 2267 825 2309 vocali
857 2267 1003 2319 utitur,
1034 2267 1118 2308 dat.
1149 2267 1203 2320 pl.
1237 2267 1281 2307 in
1311 2271 1353 2310 et
1382 2281 1430 2307 en
1461 2267 1736 2320 (thincsteden
1768 2267 1894 2319 238).

393 2339 647 2382 Neutrorum
678 2340 836 2393 primae
867 2339 1150 2382 declinationis
1180 2323 1288 2382 nom.
1320 2353 1404 2382 acc.
1437 2341 1491 2394 pl.
1521 2341 1562 2382 in
1594 2355 1638 2381 er
1666 2339 1896 2382 finientium

278 2415 458 2463 quatuor
485 2412 640 2453 adsunt
661 2411 867 2463 exempla:
884 2412 1022 2453 locher
1043 2415 1109 2462 82,
1131 2412 1232 2453 eiier
1256 2415 1347 2464 175,
1377 2413 1492 2454 holer
1513 2416 1609 2464 424,
1640 2413 1782 2455 bleder
1803 2416 1899 2454 475.

395 2483 611 2527 Secundae
642 2484 930 2527 declinationis
960 2488 1112 2526 neutra
1142 2496 1249 2526 nom.
1281 2497 1364 2527 acc.
1408 2497 1468 2538 sg.
1511 2486 1553 2527 in
1585 2485 1606 2526 i
1630 2485 1779 2528 finiunt
1809 2490 1852 2528 et
1882 2502 1903 2526 e

281 2557 431 2611 (denne
465 2560 557 2606 120,
592 2560 684 2607 152,
715 2558 877 2600 olebere
911 2561 1002 2607 154,
1034 2557 1300 2611 thunuuenge
1330 2561 1432 2611 859;
1472 2557 1620 2614 gfscxf
1644 2561 1709 2610 23,
1741 2571 1902 2612 uueppe

279 2633 361 2672 874
391 2630 569 2673 fortasse
601 2631 730 2673 dativi
760 2644 820 2684 sg.
860 2633 1035 2684 putandi
1075 2634 1218 2685 sunt).
1256 2644 1364 2674 nom.
1404 2632 1458 2684 pl.
1499 2632 1620 2674 finem
1661 2631 1761 2673 facit
1799 2631 1840 2673 in
1872 2631 1900 2683 ί,

278 2715 362 2746 acc.
394 2703 435 2746 in
467 2717 499 2744 e.
530 2702 663 2746 forma
692 2704 864 2747 bibircie
895 2708 960 2758 71,
993 2703 1194 2758 (Graffius
1225 2705 1301 2747 III.
1335 2708 1386 2747 22
1416 2704 1539 2748 affert
1568 2705 1740 2749 bibirize
1769 2707 1900 2747 casto-

277 2778 411 2830 reum)
443 2777 575 2830 magis
605 2777 705 2819 mihi
735 2776 968 2831 significare
998 2778 1162 2820 videtur
1192 2778 1368 2821 scribam
1399 2778 1507 2820 inter
1529 2777 1551 2819 i
1575 2781 1618 2821 et
1647 2792 1667 2819 e
1697 2777 1899 2820 incertum

277 2849 519 2901 haesitasse,
550 2861 674 2902 quam
705 2850 760 2891 ad
791 2854 909 2892 vetus
939 2850 1040 2892 illud
1083 2851 1129 2890 κά
1169 2850 1386 2892 referenda
1424 2862 1527 2892 esse.
1567 2851 1651 2892 dat.
1682 2851 1736 2904 pl.
1767 2851 1902 2892 utitur
