2225 3427
1766 289 1814 327 51

119 396 122 399 “
193 408 246 441 his
270 407 403 441 formis:
430 409 531 442 micat
555 409 729 442 lecheezat
754 408 826 441 VG.
854 407 915 439 111.
940 407 1024 447 4393
1051 406 1201 440 lechezta
1224 407 1327 440 micat
1350 406 1451 440 Prud.
1472 408 1501 442 1.
1525 407 1639 449 (Graff
1651 408 1694 440 11.
1721 408 1824 450 15l);

189 463 362 497 lechazzat
398 463 498 497 micat
532 464 582 508 gl.
615 465 650 498 in
683 463 787 497 Prud.
820 463 910 507 apud
940 462 1131 506 Hauptium
1155 462 1198 495 X.
1222 462 1300 498 370.
1325 467 1476 496 ceterum
1512 475 1651 504 moneo,
1687 475 1821 498 versum

190 520 313 563 Georg.
337 520 398 555 111.
422 520 488 556 439
513 521 656 554 eundem
681 531 754 554 esse
778 530 878 563 quam
902 519 997 552 hune
1020 523 1175 552 nostrum
1202 518 1289 552 Aen.
1317 519 1361 552 11.
1386 518 1464 555 475.
1558 520 1641 563 396)
1666 520 1820 555 Schmel-

189 566 248 608 ler.
269 575 312 608 11.
339 576 423 611 128:
449 576 504 609 die
526 576 637 616 haien,
664 577 719 609 die
742 577 812 615 hai,
836 575 895 608 der
918 575 1030 614 haien,
1068 574 1121 606 die
1151 574 1240 617 heye
1276 576 1473 614 trusorium,
1510 576 1640 616 fistuca,
1677 577 1820 610 verbum

189 631 288 665 heieu
323 632 481 673 tundere3
515 633 659 676 geheien
693 632 805 666 iacere
836 630 1040 664 Frommann
1076 629 1213 664 dialecti
1244 630 1357 664 Germ.
1383 630 1446 664 1v.
1474 631 1548 667 171.
1644 632 1729 675 399)
1752 633 1820 666 huc

189 687 289 719 etiam
312 688 456 729 pertinet
479 687 623 731 fulgdun
646 688 722 723 450.
750 692 931 729 utrumque
955 698 976 718 a
998 696 1080 719 voee
1105 685 1181 718 vole
1204 685 1320 719 derivo
1345 697 1574 730 eomparoque
1592 688 1732 721 verbum
1751 688 1818 721 bo·

188 741 279 775 reale
301 741 413 786 fylkja
437 741 639 787 Sigurdakv.
663 743 707 776 11.
731 743 786 784 23,
812 741 903 787 quod
928 741 1116 786 significat:
1140 742 1176 774 in
1201 742 1274 775 acie
1297 742 1478 778 collocare.
1505 754 1605 787 quam
1638 745 1817 789 significa-

188 799 316 830 tionem
342 799 467 840 optime
492 801 675 831 convenire
699 801 733 831 in
760 804 943 842 utrumque
967 799 1061 831 hunc
1084 799 1199 831 locum
1218 800 1372 841 inspecto
1389 800 1545 843 Vergilio
1562 800 1818 834 animadvertes.

278 854 360 897 400)
384 854 470 888 vel.
496 861 605 889 ramo.
692 855 774 898 401)
798 854 892 888 Mhd.
918 854 984 889 wb.
1008 855 1070 888 ΙΙΙ.
1095 855 1140 890 80
1164 854 1248 888 citat
1280 866 1323 888 ex
1358 855 1487 898 glossis
1518 856 1610 901 apud
1632 857 1736 890 Mene
1758 857 1819 894 lv,

189 911 255 946 232
286 915 413 953 traegen
446 911 584 946 lassare.
693 912 775 954 403)
799 912 832 944 b.
859 923 895 944 e:
929 911 1128 944 nohtahnne
1164 923 1225 954 pro
1257 912 1468 945 nohtbanne.
1568 912 1650 954 404)
1674 912 1817 946 Graffius

187 966 245 1000 IV.
269 967 338 1003 300
367 968 552 1011 composita
582 967 732 1012 praebet,
767 979 833 1001 non
864 966 1026 1011 simplex.
1124 966 1207 1010 406)
1231 967 1253 1002 l.
1278 966 1458 1001 selfboum.
1545 968 1626 1010 407)
1658 967 1750 1002 Serv.
1774 968 1817 1002 sd

189 1034 220 1055 v.
247 1023 306 1057 85:
333 1023 566 1065 Thymbraeus
589 1024 713 1066 Apollo
739 1024 862 1056 dicitur
889 1024 931 1056 ab
956 1034 1039 1066 agro
1064 1023 1187 1056 Troiae
1221 1025 1335 1056 vicino
1366 1024 1468 1066 pleno
1497 1024 1698 1067 Thymbrae,
1731 1036 1816 1068 quse

190 1077 354 1110 Satureia
376 1079 507 1113 dicitur.
538 1079 608 1112 huc
632 1079 789 1112 adiuncta
812 1084 864 1112 est
887 1089 950 1112 vox
975 1078 1157 1121 serpulum,
1186 1089 1276 1122 quae
1300 1080 1392 1123 apud
1421 1079 1577 1113 Servium
1601 1091 1669 1112 non
1696 1085 1815 1115 exstat.

191 1134 403 1167 heimeonola
415 1146 581 1180 nusquam
597 1136 728 1177 inveni3
752 1147 853 1180 saepe
871 1137 1013 1169 occurrit
1031 1135 1238 1179 gartconola.
1307 1136 1390 1179 410)
1403 1136 1495 1169 Mhd.
1514 1136 1578 1170 wb.
1596 1137 1640 1169 11.
1656 1138 1688 1179 2,
1706 1137 1773 1172 765
1781 1137 1812 1171 b,

190 1190 272 1233 411)
295 1191 390 1224 Mhd.
416 1192 480 1224 wb.
506 1194 549 1225 Π.
576 1195 606 1232 1,
632 1193 718 1229 755³
750 1192 918 1226 Zarnkius
941 1193 1027 1225 haec
1043 1192 1143 1225 dicit:
1165 1189 1356 1236 ‘riuzunge,
1382 1198 1424 1226 st.
1443 1192 1466 1225 f.
1484 1194 1695 1234 sternutatio,
1720 1193 1816 1226 siihrt

189 1246 348 1279 Ziemann
374 1249 440 1287 auf,
465 1249 599 1281 sumerl.
624 1250 646 1283 4
669 1249 840 1290 citierend,
866 1260 918 1282 wo
942 1249 994 1282 ich
1020 1249 1079 1282 das
1104 1253 1189 1283 wort
1210 1249 1306 1282 nicht
1330 1247 1443 1283 finde'.
1467 1261 1542 1283 cum
1569 1261 1647 1283 vero
1664 1261 1812 1284 summa-

187 1303 276 1335 rium
302 1302 452 1336 Heinrici
475 1305 572 1338 initio
595 1305 677 1338 libri
703 1305 787 1339 dicti
809 1303 1040 1339 ‘sumerlateu’
1065 1306 1156 1348 typis
1179 1311 1365 1346 exaratum,
1382 1305 1635 1349 alphabeticum
1652 1312 1814 1350 sequntur

188 1358 350 1401 ordinem,
363 1370 425 1392 nec
436 1360 524 1394 ullae
536 1361 571 1394 in
583 1368 663 1406 pag:
675 1362 697 1397 4
709 1371 803 1395 voces
817 1361 934 1395 obviae
950 1362 1030 1402 sint,
1043 1361 1110 1394 nisi
1123 1371 1209 1405 quae
1232 1372 1253 1394 a
1276 1361 1375 1395 litera
1398 1371 1418 1395 c
1446 1361 1622 1406 incipiant,
1636 1361 1699 1395 sub
1715 1361 1813 1395 litera

188 1427 203 1448 s
230 1416 457 1459 quaerendum
483 1422 545 1451 est.
583 1418 632 1450 ibi
656 1420 803 1461 reperies
828 1430 859 1462 p.
887 1419 940 1459 16,
964 1418 1008 1454 53
1033 1419 1230 1450 sternutatio
1255 1428 1417 1461 ruzunge,
1462 1430 1494 1462 p.
1520 1420 1574 1458 16,
1599 1419 1643 1454 83
1677 1419 1811 1451 sertieio

189 1471 224 1510 (1.
239 1471 398 1514 stertinio)
412 1483 574 1515 ruzunge.
634 1473 716 1514 412)
730 1473 771 1505 de
785 1473 847 1505 hac
858 1472 963 1505 forma
978 1473 1055 1506 vide
1069 1472 1227 1505 Grimmii
1243 1473 1386 1517 mythol.
1403 1474 1480 1509 992.
1558 1473 1642 1516 413)
1654 1473 1677 1506 l.
1693 1474 1810 1506 kinni-

186 1527 323 1560 baccun.
417 1528 498 1570 414)
523 1529 583 1561 cfr.
610 1529 714 1562 Graff.
739 1529 798 1562 Vl.
823 1529 910 1569 6583
934 1529 1119 1562 Hoffmann
1150 1530 1233 1562 Hor.
1257 1527 1355 1573 Belg.
1379 1529 1454 1562 VII.
1489 1541 1520 1573 p.
1546 1531 1586 1566 6:
1622 1531 1731 1564 stiven
1765 1531 1810 1563 ri-

186 1595 275 1627 gere.
368 1585 449 1627 416)
473 1585 619 1628 pertinet
641 1585 685 1617 ad
709 1597 737 1619 v.
763 1586 839 1621 286.
864 1586 940 1619 vide
964 1586 1004 1617 G.
1031 1585 1184 1618 Grimmii
1208 1588 1468 1619 annotationem
1503 1587 1546 1620 ad
1569 1588 1673 1631 gloss.
1699 1588 1810 1621 Wies·

187 1641 262 1675 bad.
292 1642 366 1677 109.
391 1642 525 1685 (Haupt
549 1643 606 1676 171.
631 1642 695 1678 321
722 1642 810 1686 sqq.)
894 1642 976 1685 418)
992 1641 1201 1676 Diefenbaeh
1225 1643 1428 1687 glossarium
1453 1643 1810 1688 latino—germanicum

184 1696 313 1729 mediae
326 1702 359 1730 et
371 1697 508 1730 infimae
521 1698 652 1730 aetatis.
677 1695 832 1732 Francos.
847 1709 874 1731 a.
890 1697 936 1731 M.
953 1698 1051 1735 1857.
1067 1711 1100 1742 p.
1114 1700 1198 1735 5430
1216 1700 1351 1743 praebet
1363 1699 1498 1744 losung‚
1512 1700 1811 1745 lossung,lottung

183 1764 226 1786 ex
251 1753 481 1786 vocabulariis
513 1754 766 1789 recentioribus.
858 1754 940 1796 420)
964 1756 1152 1799 Meregarte
1185 1755 1390 1798 (Muellenh.
1416 1757 1507 1789 Mon.
1543 1768 1576 1799 p.
1603 1758 1658 1796 70,
1694 1757 1747 1799 3):
1772 1758 1808 1790 in

183 1809 349 1848 Tuscane,
381 1809 572 1843 Kaiserchr.
600 1810 727 1845 17119:
761 1811 816 1843 ein
850 1810 924 1842 lent
948 1809 1052 1844 heizit
1076 1811 1236 1849 Tuskam
1270 1810 1429 1843 Eraclius
1455 1811 1543 1846 1227
1570 1810 1730 1854 Tuskan3
1762 1811 1807 1847 ib.

182 1867 267 1901 4421
307 1877 344 1899 ze
385 1866 562 1905 Tuskanffl
617 1866 811 1908 Tyrrhenus
847 1866 1093 1910 thuschnuisga
1130 1866 1175 1910 gl.
1216 1866 1250 1899 in
1286 1866 1390 1910 Verg.
1428 1865 1575 1901 Berolin.
1607 1867 1728 1911 Haupt
1762 1868 1805 1901 V.

182 1921 258 1961 208,
284 1922 337 1957 68.
440 1921 521 1964 422)
557 1921 700 1955 Graffius
724 1922 783 1954 Vl.
808 1921 874 1957 765
910 1922 1065 1966 exempla
1099 1923 1187 1965 petit
1224 1932 1266 1954 ex
1306 1922 1389 1954 solis
1425 1922 1550 1965 glossis
1580 1922 1807 1967 Vergilianis:

180 1978 266 2011 adde
296 1978 344 2021 gl.
375 1978 408 2010 in
440 1977 616 2011 Sedulium
647 1977 744 2022 (Hpt.
769 1979 810 2010 V.
836 1978 935 2020 210):
973 1979 1060 2012 actis
1083 1979 1303 2025 v(securibus)
1344 1978 1626 2022 anageslsgenen.
1724 1980 1807 2023 425)

180 2035 265 2068 VGl.
289 2034 452 2078 gilegida.
555 2035 636 2076 426)
666 2035 752 2068 VGl.
786 2035 975 2079 ungifuori3
1013 2037 1062 2068 sic
1096 2036 1163 2068 hoe
1198 2035 1272 2068 loco
1307 2035 1488 2079 legendum
1522 2042 1590 2071 est:
1626 2031 1804 2080 ungeuiiri.

179 2091 260 2134 429)
284 2090 419 2125 Servius
444 2092 487 2124 ad
509 2103 538 2124 v.
564 2091 647 2127 483:
672 2092 884 2136 subtegmine
916 2093 939 2127 i.
974 2103 1002 2125 e.
1026 2092 1085 2126 filo
1117 2092 1207 2136 quod
1241 2093 1329 2125 intra
1361 2097 1487 2125 stamen
1517 2093 1632 2127 currit.
1724 2094 1807 2137 432)

178 2149 271 2182 Mhd.
297 2149 361 2183 wb.
386 2150 411 2181 Ι.
433 2149 543 2185 582².
635 2150 717 2192 434)
754 2150 841 2184 VGl.
871 2150 964 2184 lusti.
1058 2150 1139 2192 437)
1174 2150 1261 2183 VGl.
1290 2150 1428 2183 uuolnu.
1520 2150 1704 2193 439—40)
1728 2150 1805 2184 Ser-

177 2206 251 2239 vius
275 2206 319 2239 ad
342 2217 372 2239 v.
396 2206 456 2242 57:
480 2205 633 2239 bidentes
657 2212 770 2239 autem
795 2206 906 2240 dietae
921 2211 1001 2240 sunt.
1018 2206 1116 2250 quasi
1133 2205 1285 2245 biennes,
1313 2206 1391 2250 quia
1408 2217 1517 2250 neque
1532 2208 1677 2240 minores
1694 2217 1806 2250 neque

177 2264 319 2295 maiores
350 2262 472 2295 licebat
504 2262 630 2295 hostias
661 2258 754 2296 dare.
793 2268 873 2296 sunt
898 2263 1000 2296 etiam
1024 2265 1060 2295 in
1085 2263 1203 2296 ovibus
1228 2263 1294 2294 duo
1318 2263 1554 2296 eminentiores
1579 2263 1695 2296 dentes
1719 2265 1806 2296 inter

178 2322 262 2358 octo,
287 2319 344 2362 qui
368 2329 435 2351 non
459 2320 526 2352 nisi
551 2320 641 2353 circa
668 2319 826 2353 bimatum
855 2325 1033 2364 apparent.
1126 2320 1209 2363 441)
1233 2319 1336 2353 alium
1353 2319 1468 2354 locum
1485 2326 1556 2354 toto
1573 2320 1657 2354 libro
1674 2328 1804 2365 quarto,

180 2385 246 2418 quo
271 2375 355 2408 haec
378 2375 491 2418 glossa
515 2378 621 2418 possit
645 2377 770 2417 referri,
796 2388 862 2410 non
887 2377 997 2409 inveni
1021 2377 1089 2409 nisi
1113 2377 1207 2411 Serv.
1233 2377 1275 2409 nd
1299 2388 1329 2408 v.
1355 2377 1443 2411 262:
1477 2377 1533 2410 hic
1556 2377 1716 2418 capulum
1745 2384 1805 2411 aut

179 2433 357 2475 vaginam,
393 2436 428 2464 at
462 2432 496 2464 in
533 2431 602 2465 illis
628 2433 763 2466 ferrum.
788 2433 944 2466 usitatior
968 2434 1076 2467 forma
1105 2438 1158 2466 est
1187 2432 1294 2467 helza.
1321 2432 1437 2466 dubito
1473 2443 1515 2465 an
1552 2432 1640 2466 helzi
1662 2433 1710 2477 gl.
1733 2434 1803 2469 Sel.

177 2489 235 2527 39,
263 2490 339 2528 119,
364 2488 455 2521 hilze
477 2489 522 2531 gl.
549 2488 628 2522 Jun.
653 2491 696 2522 D.
721 2502 754 2533 p.
772 2491 841 2526 288
864 2490 931 2523 huc
953 2501 996 2523 an
1021 2490 1063 2522 ad
1087 2490 1185 2523 helze
1209 2491 1388 2532 pertineat.
1493 2490 1687 2535 445—446)
1712 2489 1804 2523 Serv.

175 2544 217 2576 ad
243 2544 326 2580 131:
366 2544 604 2587 odorisequum
629 2545 719 2588 quod
743 2545 880 2578 odorem
906 2546 1067 2589 sequitur.
1108 2556 1178 2578 vox
1215 2545 1367 2577 leidezoa
1392 2545 1510 2578 eodem
1541 2545 1640 2579 modo
1663 2547 1804 2579 formata

175 2606 227 2634 est
251 2611 316 2644 quo
346 2599 509 2634 leitihunt
533 2601 635 2635 Graff.
660 2601 718 2636 IV.
744 2603 819 2638 976.
913 2601 996 2644 444)
1019 2602 1042 2634 1.
1060 2601 1347 2644 gebrordedemo:
1378 2602 1435 2635 efr.
1455 2602 1532 2642 465,
1550 2602 1627 2638 522.
1720 2602 1803 2645 449)

175 2656 264 2690 VGl.
288 2656 392 2700 leger.
485 2656 567 2699 457)
603 2657 762 2701 asscripta
793 2662 845 2691 est
877 2669 941 2690 vox
978 2657 1022 2690 ad
1051 2656 1171 2690 talaria
1203 2668 1235 2690 v·
1259 2656 1337 2692 239.
1388 2657 1476 2691 VGl.
1502 2657 1621 2690 talaria
1655 2657 1803 2691 nechala

175 2713 214 2756 (l.
241 2713 399 2757 enchala)
424 2725 563 2758 sporun.
656 2715 737 2758 458)
762 2715 857 2748 Serv.
882 2715 925 2749 ad
948 2726 981 2748 v·
1007 2715 1094 2751 245:
1124 2718 1253 2755 transt3
1286 2714 1492 2749 transvolat:
1524 2720 1563 2748 ut
1591 2715 1718 2759 (Georg
1741 2715 1800 2748 lv.

174 2770 255 2813 59):
289 2780 376 2803 'nare
411 2782 471 2815 per
503 2776 663 2805 aestatem
697 2771 861 2816 liquidam
897 2772 1091 2817 suspexeris
1126 2782 1258 2815 agmen.
1355 2771 1436 2813 459)
1459 2782 1525 2804 vox
1550 2769 1714 2814 ‘penates’
1738 2772 1801 2805 hoc

173 2828 262 2861 libro
286 2839 339 2861 vv.
366 2829 403 2864 21
433 2834 468 2863 et
491 2828 558 2865 598
582 2829 719 2862 obviam
742 2840 779 2862 se
800 2830 877 2864 fert.
970 2830 1052 2873 462)
1077 2829 1166 2863 VGl.
1191 2830 1375 2873 gisteintaz
1392 2828 1479 2871 (scil.
1496 2828 1635 2871 swert.).
1719 2829 1801 2871 464)

174 2883 261 2917 VGl.
288 2884 422 2928 uueppi.
510 2884 592 2926 466)
616 2885 704 2918 VGl.
731 2891 766 2918 tu
792 2896 997 2930 quenoman.
1089 2886 1171 2928 473)
1193 2886 1341 2918 recurrit
1365 2885 1481 2919 eadem
1505 2885 1620 2928 glossa
1642 2885 1720 2921 486.
1744 2885 1798 2918 in-

1472 2939 1522 2979 4*
