2225 3385
316 264 368 302 26

323 385 568 439 descriptuS,
603 387 674 429 sed
707 387 863 430 scholia
904 389 1028 441 (quae
1058 401 1083 429 a
1119 388 1268 441 glossis
1309 389 1466 431 secerni
1504 401 1583 431 non
1625 392 1811 442 possunt,
1848 389 1946 442 quia

317 459 475 501 multae
505 459 671 513 glossae
702 464 744 503 et
775 461 829 504 ad
860 461 994 505 Servii
1024 474 1144 505 voces
1175 462 1409 516 adscriptae
1448 465 1547 505 sunt
1585 465 1627 505 et
1656 463 1698 505 in
1739 462 1851 514 ipsas
1881 474 1955 504 no·

323 535 387 574 tas
428 532 649 575 Servianas
688 534 884 586 insertae)
926 534 1172 589 glossaeque
1211 549 1233 578 e
1271 537 1551 589 manuscripto
1591 535 1728 588 aliquo
1768 535 1950 589 superio-

313 605 369 647 ris
406 605 659 649 Germaniae
689 607 927 662 Vergiliano
957 609 1160 651 translata
1192 613 1290 653 sunt
1316 609 1361 652 'in
1383 609 1495 652 aliud
1517 609 1739 663 exemplar,
1772 620 1854 662 quo
1884 621 1948 651 so-

313 680 378 722 lus
412 679 625 734 Vergilius
656 682 746 725 sine
776 682 942 726 scholiis
973 683 1273 726 continebatur.

427 767 489 809 De
519 768 709 810 omnibus
740 781 838 811 vero
868 769 932 810 his
963 769 1088 811 rebus
1120 770 1266 812 melius
1287 782 1412 822 agere
1442 780 1618 822 possem,
1649 767 1684 810 si
1713 767 1848 820 ipsum
1880 779 1947 809 co-

314 839 445 882 dicem
482 844 668 882 nostrum
698 841 981 894 inspexissem.
1014 842 1161 885 deinde
1192 855 1242 884 ea
1271 842 1528 892 defensurus,
1560 852 1666 894 quae
1697 839 1794 892 dixi,
1824 839 1946 891 addo,

312 925 376 954 me
406 912 489 954 alia
523 914 690 955 omnino
718 914 832 956 nulla
862 915 986 956 huius
1016 915 1268 957 recensionis
1299 927 1423 968 quam
1455 914 1536 955 duo
1566 912 1636 954 illa
1666 925 1774 966 quae
1804 912 1946 964 statui,

313 985 517 1038 originale
547 986 840 1029 Baiuvaricum
871 991 913 1029 et
942 988 1227 1041 apographum
1266 988 1512 1036 Parisiense‚
1553 985 1803 1039 exemplaria
1839 986 1943 1028 exis-

318 1061 406 1099 tere
444 1059 631 1112 potuisse
676 1073 758 1103 non
803 1061 1065 1112 contendere,
1110 1060 1183 1103 sed
1228 1060 1383 1103 nullam
1429 1060 1576 1102 adesse
1621 1071 1790 1101 causam
1834 1071 1941 1112 quae

315 1131 436 1183 plura
467 1144 614 1174 revera
644 1145 826 1186 unquam
857 1134 1065 1176 exstitisse
1098 1137 1144 1175 ut
1173 1138 1366 1186 putemus
1396 1136 1516 1186 cogat
1548 1144 1801 1174 asseverare.

432 1216 714 1260 Commemoro
746 1218 936 1270 denique,
967 1218 1125 1271 glossas
1157 1220 1404 1261 sententiam
1436 1217 1609 1270 Vergilii
1647 1229 1730 1258 non
1762 1228 1945 1268 unoquo-

313 1300 394 1341 que
424 1289 512 1330 loco
542 1293 657 1332 recte
687 1291 951 1344 expressisse.
984 1291 1064 1332 huc
1100 1294 1262 1344 spectat
1300 1290 1411 1342 quod
1449 1287 1645 1330 annotavi
1693 1288 1744 1330 de
1774 1287 1943 1341 heigoro

315 1365 391 1402 531
427 1374 502 1403 nec
529 1375 609 1404 non
644 1364 802 1415 glossa:
834 1364 1012 1405 sarcitus
1042 1363 1237 1415 geriuilot
1268 1366 1360 1405 326.
1394 1374 1499 1413 quae
1530 1374 1622 1403 cum
1652 1361 1862 1413 pertineat
1891 1361 1944 1402 ad

315 1431 465 1486 Georg.
491 1434 561 1475 IV.
596 1438 697 1477 249:
721 1432 975 1478 ‘incumbent
997 1436 1159 1488 generis
1180 1435 1285 1488 lapsi
1315 1434 1515 1477 sarcire
1546 1429 1712 1484 ruinas',
1745 1436 1818 1475 aut
1838 1432 1944 1475 male

311 1506 568 1548 intellectum
600 1511 665 1550 est
694 1508 794 1561 quid
824 1509 924 1550 velit
956 1508 1161 1561 Vergilius
1193 1507 1424 1561 significare
1455 1512 1529 1549 aut
1558 1507 1694 1548 aliena
1723 1505 1845 1558 plane
1876 1518 1946 1547 res

311 1579 433 1622 affixa
463 1584 538 1622 est.
571 1593 665 1623 nam
690 1579 847 1624 ‘rifilon’
880 1585 962 1624 est:
1002 1582 1131 1624 linum
1169 1587 1336 1635 pectere
1367 1584 1409 1624 et
1438 1580 1688 1629 carminare;
1728 1575 1943 1631 ‘sarcitus',

313 1649 483 1696 auctore
515 1653 671 1708 Cangio
712 1655 781 1697 VI.
825 1658 891 1706 68,
927 1652 1120 1708 ‘pannus
1161 1655 1269 1698 idem
1300 1655 1370 1708 qui
1411 1649 1591 1704 sarcilis'‚
1631 1650 1702 1694 cfr.
1747 1651 1941 1702 Kehrein,

314 1727 546 1780 sammlung
576 1728 653 1769 alt·
684 1729 769 1770 und
800 1728 1159 1770 mitteldeutscher
1189 1731 1340 1769 worter
1370 1740 1446 1769 aus
1486 1726 1758 1772 lateinischen
1790 1730 1945 1772 urkun-

317 1799 395 1840 den
428 1799 583 1841 Nordh.
628 1804 745 1842 1863.
779 1814 810 1842 s.
843 1814 879 1841 v.
909 1800 1041 1843 ‘sarcil
1062 1801 1212 1853 grobes
1234 1797 1361 1847 tuch'3
1393 1801 1533 1852 itaque
1555 1805 1643 1843 tota
1672 1801 1813 1854 glossa
1842 1802 1943 1843 nihil

312 1871 428 1913 aliud
459 1872 537 1914 sibi
569 1874 668 1924 vult,
701 1874 858 1926 opinor,
889 1886 1034 1925 quam:
1075 1874 1213 1921 vestis,
1253 1874 1370 1915 cuius
1407 1874 1534 1916 linum
1572 1875 1701 1928 probe
1740 1875 1939 1917 carmina-

314 1950 403 1986 tum
435 1950 510 1987 est.

427 2029 623 2073 Ceterum
655 2032 731 2074 hoc
770 2043 852 2084 quo
884 2032 1061 2080 utimur,
1101 2032 1429 2085 manuscriptum
1468 2032 1689 2086 aliquando
1729 2035 1803 2074 aut
1839 2032 1940 2085 ipsis

308 2104 451 2146 Remis
482 2103 567 2147 fuit
597 2109 671 2147 aut.
700 2106 740 2146 in
773 2107 1022 2147 monasterio
1055 2105 1139 2155 tali,
1172 2105 1282 2157 quod
1313 2106 1380 2148 illa
1403 2119 1495 2148 cum
1518 2106 1620 2148 urbe
1650 2106 1788 2158 aliquo
1819 2104 1941 2147 modo

309 2179 573 2221 coniunctum
596 2183 717 2221 esset.
750 2179 791 2220 in
812 2178 910 2221 folio
932 2179 1039 2221 enim
1061 2182 1113 2220 42
1131 2179 1208 2221 hoc
1238 2179 1481 2232 inscriptum
1512 2182 1649 2221 exstat
1671 2176 1941 2232 ‘epitaphium

309 2252 502 2294 Gerberti
543 2265 650 2305 pape
691 2252 742 2293 de
780 2251 1087 2304 archipraesule
1119 2252 1310 2294 Remensi
1341 2249 1607 2294 Adalberone'
1640 2253 1845 2304 (mortuus
1876 2253 1942 2292 est

312 2337 407 2367 non.
441 2325 535 2367 Jan.
568 2338 675 2368 anno
708 2325 825 2378 989):

517 2415 764 2457 ‘contulerat
795 2418 944 2457 natura
974 2418 1120 2469 potens
1151 2426 1233 2468 que
1265 2410 1425 2457 summa
1454 2416 1617 2469 putavit

516 2489 568 2529 ad
601 2489 739 2529 meriti
770 2489 978 2530 cumulum
1011 2489 1098 2536 tibi,
1130 2488 1298 2541 praesul
1329 2489 1549 2538 Adalbero,
1581 2501 1673 2530 cum
1703 2493 1745 2530 te

512 2565 797 2615 praestantem
829 2561 987 2604 cunctis
1019 2561 1262 2604 mortalibus
1294 2562 1468 2604 abstulit
1497 2561 1586 2604 orbi

517 2637 662 2689 quinta
693 2636 781 2678 dies
813 2635 1025 2678 fundentis
1056 2647 1186 2689 aquas
1218 2648 1309 2677 cum
1341 2636 1523 2688 pondere
1553 2633 1716 2678 rerum'.

306 2734 418 2778 idem
452 2745 548 2774 vero
581 2733 836 2786 epigramma
866 2732 1018 2774 litteris
1050 2732 1338 2785 consignatum
1360 2737 1451 2774 erat
1480 2733 1521 2774 in
1553 2732 1780 2788 cathedrali
1811 2733 1942 2775 eccle-

306 2807 368 2849 sia
400 2807 614 2854 Remensi;
647 2806 740 2849 vide
772 2806 936 2859 Marlot‚
968 2806 1140 2849 histoire
1171 2807 1223 2848 de
1252 2806 1292 2848 la
1313 2805 1418 2858 ville,
1451 2805 1532 2849 cite
1563 2808 1605 2850 et
1634 2805 1860 2849 universite
1890 2805 1941 2849 de

305 2881 446 2925 Reims
481 2884 577 2924 tom.
622 2881 697 2923 ΙΙΙ.
739 2881 895 2933 (Reims
939 2883 1061 2934 1846)
1102 2894 1140 2934 p.
1183 2884 1301 2932 64s5:
1343 2880 1427 2923 Son
1464 2891 1583 2934 corps
1626 2878 1937 2933 (d'Adalberon)
